<?xml version="1.0" encoding="UTF-8"?>
<!DOCTYPE html PUBLIC "-//W3C//DTD XHTML 1.0 Transitional//EN"
    "http://www.w3.org/TR/xhtml1/DTD/xhtml1-transitional.dtd">
<html xmlns="http://www.w3.org/1999/xhtml" xml:lang="en" lang="en">
 <head>
  <title>
</title>
<meta http-equiv="Content-Type" content="text/html;charset=utf-8" />
  <meta name='ocr-system' content='tesseract 3.04.00' />
  <meta name='ocr-capabilities' content='ocr_page ocr_carea ocr_par ocr_line ocrx_word'/>
</head>
<body>
  <div class='ocr_page' id='page_1' title='image "./bullarumdiplomat15cath_0305.png"; bbox 0 0 2107 3142; ppageno 0'>
   <div class='ocr_carea' id='block_1_1' title="bbox 16 231 198 261">
    <p class='ocr_par' dir='ltr' id='par_1_1' title="bbox 16 231 198 261">
     <span class='ocr_line' id='line_1_1' title="bbox 16 231 198 261; baseline -0.022 0"><span class='ocrx_word' id='word_1_1' title='bbox 16 235 64 261; x_wconf 72' lang='lat' dir='ltr'>An.</span> <span class='ocrx_word' id='word_1_2' title='bbox 80 233 109 259; x_wconf 88' lang='lat' dir='ltr'>C.</span> <span class='ocrx_word' id='word_1_3' title='bbox 135 231 198 257; x_wconf 67' lang='lat'>1643</span> 
     </span>
    </p>
   </div>
   <div class='ocr_carea' id='block_1_2' title="bbox 211 230 959 425">
    <p class='ocr_par' dir='ltr' id='par_1_2' title="bbox 211 230 959 425">
     <span class='ocr_line' id='line_1_2' title="bbox 818 230 959 252; baseline 0 0"><span class='ocrx_word' id='word_1_4' title='bbox 818 230 959 252; x_wconf 61' lang='lat' dir='ltr'>unssanus</span> 
     </span>
     <span class='ocr_line' id='line_1_3' title="bbox 212 276 948 320; baseline -0.004 -9"><span class='ocrx_word' id='word_1_5' title='bbox 212 280 326 311; x_wconf 87' lang='lat' dir='ltr'>Ioanne</span> <span class='ocrx_word' id='word_1_6' title='bbox 354 277 492 320; x_wconf 84' lang='lat' dir='ltr'>Baptista</span> <span class='ocrx_word' id='word_1_7' title='bbox 517 277 596 310; x_wconf 87' lang='lat' dir='ltr'>tituli</span> <span class='ocrx_word' id='word_1_8' title='bbox 614 277 643 310; x_wconf 99' lang='lat' dir='ltr'>S.</span> <span class='ocrx_word' id='word_1_9' title='bbox 662 276 789 309; x_wconf 86' lang='lat' dir='ltr'>Eusebii</span> <span class='ocrx_word' id='word_1_10' title='bbox 809 276 948 309; x_wconf 85' lang='lat' dir='ltr'>eiusdem</span> 
     </span>
     <span class='ocr_line' id='line_1_4' title="bbox 211 329 949 372; baseline -0.004 -9"><span class='ocrx_word' id='word_1_11' title='bbox 211 331 240 363; x_wconf 86' lang='lat' dir='ltr'>S.</span> <span class='ocrx_word' id='word_1_12' title='bbox 270 331 303 362; x_wconf 81' lang='lat' dir='ltr'>R.</span> <span class='ocrx_word' id='word_1_13' title='bbox 331 329 363 362; x_wconf 80' lang='lat' dir='ltr'>E.</span> <span class='ocrx_word' id='word_1_14' title='bbox 388 329 572 372; x_wconf 71' lang='lat' dir='ltr'>presbytero</span> <span class='ocrx_word' id='word_1_15' title='bbox 597 329 748 361; x_wconf 77' lang='lat' dir='ltr'>cardinali</span> <span class='ocrx_word' id='word_1_16' title='bbox 774 329 949 371; x_wconf 83' lang='lat' dir='ltr'>Pamphilio</span> 
     </span>
     <span class='ocr_line' id='line_1_5' title="bbox 211 382 951 425; baseline -0.004 -10"><span class='ocrx_word' id='word_1_17' title='bbox 211 387 390 425; x_wconf 89' lang='lat' dir='ltr'>nuncupato</span> <span class='ocrx_word' id='word_1_18' title='bbox 410 382 587 425; x_wconf 78' lang='lat' dir='ltr'>proposita,</span> <span class='ocrx_word' id='word_1_19' title='bbox 613 382 721 414; x_wconf 81' lang='lat' dir='ltr'>eadem</span> <span class='ocrx_word' id='word_1_20' title='bbox 747 382 951 423; x_wconf 77' lang='lat' dir='ltr'>congregatio</span> 
     </span>
    </p>
   </div>
   <div class='ocr_carea' id='block_1_3' title="bbox 967 218 1726 425">
    <p class='ocr_par' dir='ltr' id='par_1_3' title="bbox 967 218 1726 425">
     <span class='ocr_line' id='line_1_6' title="bbox 985 218 1693 252; baseline -0.001 0"><span class='ocrx_word' id='word_1_21' title='bbox 985 230 1041 252; x_wconf 78' lang='lat' dir='ltr'>viu</span> <span class='ocrx_word' id='word_1_22' title='bbox 1066 230 1112 252; x_wconf 79' lang='lat'>1¹1¹.</span> <span class='ocrx_word' id='word_1_23' title='bbox 1628 218 1693 251; x_wconf 67' lang='lat'>‘263</span> 
     </span>
     <span class='ocr_line' id='line_1_7' title="bbox 985 275 1725 319; baseline -0.001 -10"><span class='ocrx_word' id='word_1_24' title='bbox 985 276 1063 309; x_wconf 88' lang='lat' dir='ltr'>Sede</span> <span class='ocrx_word' id='word_1_25' title='bbox 1087 276 1261 319; x_wconf 84' lang='lat' dir='ltr'>approbati,</span> <span class='ocrx_word' id='word_1_26' title='bbox 1276 276 1390 314; x_wconf 86' lang='lat' dir='ltr'>valeat,</span> <span class='ocrx_word' id='word_1_27' title='bbox 1415 275 1587 319; x_wconf 76' lang='lat' dir='ltr'>apostolica</span> <span class='ocrx_word' id='word_1_28' title='bbox 1618 281 1725 308; x_wconf 85' lang='lat' dir='ltr'>aucto—</span> 
     </span>
     <span class='ocr_line' id='line_1_8' title="bbox 985 328 1726 371; baseline 0 -11"><span class='ocrx_word' id='word_1_29' title='bbox 985 329 1085 367; x_wconf 86' lang='lat' dir='ltr'>ritate,</span> <span class='ocrx_word' id='word_1_30' title='bbox 1100 335 1209 361; x_wconf 88' lang='lat' dir='ltr'>tenore</span> <span class='ocrx_word' id='word_1_31' title='bbox 1228 328 1450 371; x_wconf 85' lang='lat' dir='ltr'>praesentium,</span> <span class='ocrx_word' id='word_1_32' title='bbox 1466 328 1625 360; x_wconf 76' lang='lat' dir='ltr'>licentiam</span> <span class='ocrx_word' id='word_1_33' title='bbox 1640 334 1671 361; x_wconf 88' lang='lat' dir='ltr'>et</span> <span class='ocrx_word' id='word_1_34' title='bbox 1686 329 1726 360; x_wconf 86' lang='lat' dir='ltr'>sa-</span> 
     </span>
     <span class='ocr_line' id='line_1_9' title="bbox 967 381 1635 425; baseline 0 -12"><span class='ocrx_word' id='word_1_35' title='bbox 967 412 968 416; x_wconf 68' lang='lat'>,</span> <span class='ocrx_word' id='word_1_36' title='bbox 985 382 1131 413; x_wconf 87' lang='lat' dir='ltr'>cultatem</span> <span class='ocrx_word' id='word_1_37' title='bbox 1153 382 1356 414; x_wconf 74' lang='lat' dir='ltr'>concedimus</span> <span class='ocrx_word' id='word_1_38' title='bbox 1373 388 1403 414; x_wconf 89' lang='lat' dir='ltr'>et</span> <span class='ocrx_word' id='word_1_39' title='bbox 1423 381 1635 425; x_wconf 78' lang='lat' dir='ltr'>impertimur.</span> 
     </span>
    </p>
   </div>
   <div class='ocr_carea' id='block_1_4' title="bbox 1742 228 1927 255">
    <p class='ocr_par' dir='ltr' id='par_1_4' title="bbox 1742 228 1927 255">
     <span class='ocr_line' id='line_1_10' title="bbox 1742 228 1927 255; baseline 0.016 -3"><span class='ocrx_word' id='word_1_40' title='bbox 1742 229 1789 255; x_wconf 57' lang='lat' dir='ltr'>fiir«.</span> <span class='ocrx_word' id='word_1_41' title='bbox 1805 229 1835 254; x_wconf 54' lang='lat' dir='ltr'>tt.</span> <span class='ocrx_word' id='word_1_42' title='bbox 1856 228 1927 255; x_wconf 61' lang='lat' dir='ltr'>{affl</span> 
     </span>
    </p>
   </div>
   <div class='ocr_carea' id='block_1_5' title="bbox 966 279 969 409">
    <p class='ocr_par' dir='ltr' id='par_1_5' title="bbox 966 279 969 409">
     <span class='ocr_line' id='line_1_11' title="bbox 966 279 969 409; baseline 0 2733"><span class='ocrx_word' id='word_1_43' title='bbox 966 279 969 409; x_wconf 95' lang='lat' dir='ltr'> </span> 
     </span>
    </p>
   </div>
   <div class='ocr_carea' id='block_1_6' title="bbox 212 417 1930 900">
    <p class='ocr_par' dir='ltr' id='par_1_6' title="bbox 212 417 1930 583">
     <span class='ocr_line' id='line_1_12' title="bbox 212 417 1930 492; baseline -0.001 -25"><span class='ocrx_word' id='word_1_44' title='bbox 212 435 294 467; x_wconf 77' lang='lat' dir='ltr'>dicta</span> <span class='ocrx_word' id='word_1_45' title='bbox 311 435 360 467; x_wconf 92' lang='lat' dir='ltr'>die</span> <span class='ocrx_word' id='word_1_46' title='bbox 377 444 398 467; x_wconf 87' lang='lat'>11</span> <span class='ocrx_word' id='word_1_47' title='bbox 416 435 519 466; x_wconf 90' lang='lat' dir='ltr'>martii</span> <span class='ocrx_word' id='word_1_48' title='bbox 538 445 653 468; x_wconf 78' lang='lat' dir='ltr'>tttncht</span> <span class='ocrx_word' id='word_1_49' title='bbox 670 435 790 467; x_wconf 86' lang='lat' dir='ltr'>censuit</span> <span class='ocrx_word' id='word_1_50' title='bbox 808 417 968 492; x_wconf 61' lang='lat' dir='ltr'>constare!</span> <span class='ocrx_word' id='word_1_51' title='bbox 1030 435 1044 476; x_wconf 55' lang='grc' dir='ltr'>ᾗ</span> <span class='ocrx_word' id='word_1_52' title='bbox 1068 433 1098 466; x_wconf 80' lang='lat'>3.</span> <span class='ocrx_word' id='word_1_53' title='bbox 1123 435 1191 466; x_wconf 86' lang='lat' dir='ltr'>Non</span> <span class='ocrx_word' id='word_1_54' title='bbox 1224 435 1421 466; x_wconf 65' lang='lat' dir='ltr'>obstantibus</span> <span class='ocrx_word' id='word_1_55' title='bbox 1446 433 1722 471; x_wconf 73' lang='lat' dir='ltr'>constitutionibus</span> <span class='ocrx_word' id='word_1_56' title='bbox 1764 445 1930 466; x_wconf 53' lang='lat' dir='ltr'>contrariari„-</span> 
     </span>
     <span class='ocr_line' id='line_1_13' title="bbox 212 473 1811 548; baseline -0.001 -29"><span class='ocrx_word' id='word_1_57' title='bbox 212 487 251 519; x_wconf 88' lang='lat' dir='ltr'>de</span> <span class='ocrx_word' id='word_1_58' title='bbox 274 486 431 519; x_wconf 79' lang='lat' dir='ltr'>validitate</span> <span class='ocrx_word' id='word_1_59' title='bbox 456 498 679 530; x_wconf 73' lang='lat' dir='ltr'>processuum,</span> <span class='ocrx_word' id='word_1_60' title='bbox 710 487 759 519; x_wconf 90' lang='lat' dir='ltr'>die</span> <span class='ocrx_word' id='word_1_61' title='bbox 790 497 864 518; x_wconf 82' lang='lat' dir='ltr'>vero</span> <span class='ocrx_word' id='word_1_62' title='bbox 897 496 951 518; x_wconf 82' lang='lat' dir='ltr'>xm</span> <span class='ocrx_word' id='word_1_63' title='bbox 967 493 969 548; x_wconf 42' lang='lat' dir='ltr'>l</span> <span class='ocrx_word' id='word_1_64' title='bbox 985 491 1015 518; x_wconf 88' lang='lat' dir='ltr'>et</span> <span class='ocrx_word' id='word_1_65' title='bbox 1047 486 1298 518; x_wconf 75' lang='lat' dir='ltr'>ordinationibus</span> <span class='ocrx_word' id='word_1_66' title='bbox 1329 486 1529 529; x_wconf 84' lang='lat' dir='ltr'>apostolicis,</span> <span class='ocrx_word' id='word_1_67' title='bbox 1551 486 1726 529; x_wconf 85' lang='lat' dir='ltr'>ceterisque</span> <span class='ocrx_word' id='word_1_68' title='bbox 1742 473 1811 497; x_wconf 38' lang='lat'>‘&#39;⁰³’&#39;</span> 
     </span>
     <span class='ocr_line' id='line_1_14' title="bbox 213 539 1441 583; baseline 0.002 -14"><span class='ocrx_word' id='word_1_69' title='bbox 213 539 400 582; x_wconf 59' lang='lat' dir='ltr'>septembris</span> <span class='ocrx_word' id='word_1_70' title='bbox 424 549 552 572; x_wconf 71' lang='lat' dir='ltr'>atncxmt</span> <span class='ocrx_word' id='word_1_71' title='bbox 576 545 721 572; x_wconf 73' lang='lat' dir='ltr'>constare</span> <span class='ocrx_word' id='word_1_72' title='bbox 741 539 779 571; x_wconf 85' lang='lat' dir='ltr'>de</span> <span class='ocrx_word' id='word_1_73' title='bbox 800 539 951 582; x_wconf 63' lang='lat' dir='ltr'>martyrio</span> <span class='ocrx_word' id='word_1_74' title='bbox 967 552 969 583; x_wconf 57' lang='lat'>3</span> <span class='ocrx_word' id='word_1_75' title='bbox 985 539 1152 571; x_wconf 84' lang='lat' dir='ltr'>contrariis</span> <span class='ocrx_word' id='word_1_76' title='bbox 1176 539 1441 582; x_wconf 79' lang='lat' dir='ltr'>quibuscumque.</span> 
     </span>
    </p>

    <p class='ocr_par' dir='ltr' id='par_1_7' title="bbox 213 587 1729 900">
     <span class='ocr_line' id='line_1_15' title="bbox 213 587 1725 637; baseline 0 -15"><span class='ocrx_word' id='word_1_77' title='bbox 213 597 239 623; x_wconf 66' lang='lat' dir='ltr'>‹Jt</span> <span class='ocrx_word' id='word_1_78' title='bbox 267 594 360 624; x_wconf 78' lang='lat' dir='ltr'>causa</span> <span class='ocrx_word' id='word_1_79' title='bbox 386 592 546 636; x_wconf 73' lang='lat' dir='ltr'>martyrii,</span> <span class='ocrx_word' id='word_1_80' title='bbox 572 592 622 624; x_wconf 92' lang='lat' dir='ltr'>die</span> <span class='ocrx_word' id='word_1_81' title='bbox 653 592 780 624; x_wconf 89' lang='lat' dir='ltr'>demum</span> <span class='ocrx_word' id='word_1_82' title='bbox 805 601 870 624; x_wconf 79' lang='lat' dir='ltr'>xxti</span> <span class='ocrx_word' id='word_1_83' title='bbox 896 587 969 637; x_wconf 69' lang='lat' dir='ltr'>no-}</span> <span class='ocrx_word' id='word_1_84' title='bbox 1030 592 1044 633; x_wconf 65' lang='grc' dir='ltr'>ἓ</span> <span class='ocrx_word' id='word_1_85' title='bbox 1069 591 1098 623; x_wconf 73' lang='grc'>4.</span> <span class='ocrx_word' id='word_1_86' title='bbox 1125 591 1276 623; x_wconf 82' lang='lat' dir='ltr'>Volumus</span> <span class='ocrx_word' id='word_1_87' title='bbox 1309 597 1433 633; x_wconf 75' lang='lat' dir='ltr'>autem,</span> <span class='ocrx_word' id='word_1_88' title='bbox 1461 591 1544 634; x_wconf 90' lang='lat' dir='ltr'>quod</span> <span class='ocrx_word' id='word_1_89' title='bbox 1576 600 1725 633; x_wconf 85' lang='lat' dir='ltr'>praesen-</span> 
     </span>
     <span class='ocr_line' id='line_1_16' title="bbox 213 642 1725 686; baseline -0.001 -11"><span class='ocrx_word' id='word_1_90' title='bbox 213 645 351 677; x_wconf 67' lang='lat' dir='ltr'>vembris</span> <span class='ocrx_word' id='word_1_91' title='bbox 375 645 513 677; x_wconf 82' lang='lat' dir='ltr'>ciusdem</span> <span class='ocrx_word' id='word_1_92' title='bbox 545 645 615 677; x_wconf 91' lang='lat' dir='ltr'>anni</span> <span class='ocrx_word' id='word_1_93' title='bbox 648 654 778 677; x_wconf 72' lang='lat' dir='ltr'>itincxml</span> <span class='ocrx_word' id='word_1_94' title='bbox 809 649 951 676; x_wconf 78' lang='lat' dir='ltr'>constare</span> <span class='ocrx_word' id='word_1_95' title='bbox 986 644 1062 675; x_wconf 89' lang='lat' dir='ltr'>tium</span> <span class='ocrx_word' id='word_1_96' title='bbox 1079 645 1293 686; x_wconf 90' lang='lat' dir='ltr'>transumptis,</span> <span class='ocrx_word' id='word_1_97' title='bbox 1308 644 1400 676; x_wconf 86' lang='lat' dir='ltr'>etiam</span> <span class='ocrx_word' id='word_1_98' title='bbox 1420 643 1593 686; x_wconf 72' lang='lat' dir='ltr'>impressis,</span> <span class='ocrx_word' id='word_1_99' title='bbox 1611 642 1725 676; x_wconf 82' lang='lat' dir='ltr'>notarii</span> 
     </span>
     <span class='ocr_line' id='line_1_17' title="bbox 213 693 1728 740; baseline 0.001 -14"><span class='ocrx_word' id='word_1_100' title='bbox 213 697 309 728; x_wconf 80' lang='lat' dir='ltr'>etiam</span> <span class='ocrx_word' id='word_1_101' title='bbox 334 697 371 728; x_wconf 88' lang='lat' dir='ltr'>de</span> <span class='ocrx_word' id='word_1_102' title='bbox 397 697 573 735; x_wconf 76' lang='lat' dir='ltr'>miraculis,</span> <span class='ocrx_word' id='word_1_103' title='bbox 600 696 731 739; x_wconf 85' lang='lat' dir='ltr'>ideoque</span> <span class='ocrx_word' id='word_1_104' title='bbox 756 696 856 728; x_wconf 84' lang='lat' dir='ltr'>eidem</span> <span class='ocrx_word' id='word_1_105' title='bbox 883 693 1104 740; x_wconf 66' lang='lat' dir='ltr'>con-{publici</span> <span class='ocrx_word' id='word_1_106' title='bbox 1131 707 1223 728; x_wconf 89' lang='lat' dir='ltr'>manu</span> <span class='ocrx_word' id='word_1_107' title='bbox 1241 697 1435 740; x_wconf 77' lang='lat' dir='ltr'>subscriptis,</span> <span class='ocrx_word' id='word_1_108' title='bbox 1457 702 1486 728; x_wconf 82' lang='lat' dir='ltr'>et</span> <span class='ocrx_word' id='word_1_109' title='bbox 1506 695 1637 728; x_wconf 80' lang='lat' dir='ltr'>alieuius</span> <span class='ocrx_word' id='word_1_110' title='bbox 1655 706 1728 738; x_wconf 88' lang='lat' dir='ltr'>per-</span> 
     </span>
     <span class='ocr_line' id='line_1_18' title="bbox 214 738 1727 792; baseline -0.002 -11"><span class='ocrx_word' id='word_1_111' title='bbox 214 750 390 791; x_wconf 56' lang='lat' dir='ltr'>gregationi</span> <span class='ocrx_word' id='word_1_112' title='bbox 414 750 522 787; x_wconf 75' lang='lat' dir='ltr'>videri,</span> <span class='ocrx_word' id='word_1_113' title='bbox 543 750 566 781; x_wconf 88' lang='lat' dir='ltr'>si</span> <span class='ocrx_word' id='word_1_114' title='bbox 590 749 680 781; x_wconf 87' lang='lat' dir='ltr'>nobis</span> <span class='ocrx_word' id='word_1_115' title='bbox 697 750 844 791; x_wconf 76' lang='lat' dir='ltr'>placeret,</span> <span class='ocrx_word' id='word_1_116' title='bbox 862 760 953 792; x_wconf 83' lang='lat' dir='ltr'>posse</span> <span class='ocrx_word' id='word_1_117' title='bbox 968 738 970 758; x_wconf 59' lang='lat'><strong>³</strong></span> <span class='ocrx_word' id='word_1_118' title='bbox 987 759 1081 781; x_wconf 88' lang='lat' dir='ltr'>sonae</span> <span class='ocrx_word' id='word_1_119' title='bbox 1099 749 1295 790; x_wconf 69' lang='lat' dir='ltr'>indignitate</span> <span class='ocrx_word' id='word_1_120' title='bbox 1313 749 1522 782; x_wconf 76' lang='lat' dir='ltr'>ecelesiastica</span> <span class='ocrx_word' id='word_1_121' title='bbox 1539 748 1727 781; x_wconf 84' lang='lat' dir='ltr'>constitutae.</span> 
     </span>
     <span class='ocr_line' id='line_1_19' title="bbox 213 800 1729 845; baseline 0 -14"><span class='ocrx_word' id='word_1_122' title='bbox 213 802 331 834; x_wconf 83' lang='lat' dir='ltr'>dictum</span> <span class='ocrx_word' id='word_1_123' title='bbox 353 812 477 834; x_wconf 79' lang='lat' dir='ltr'>servum</span> <span class='ocrx_word' id='word_1_124' title='bbox 495 801 549 833; x_wconf 90' lang='lat' dir='ltr'>Dei</span> <span class='ocrx_word' id='word_1_125' title='bbox 567 802 765 844; x_wconf 82' lang='lat' dir='ltr'>losapbatum</span> <span class='ocrx_word' id='word_1_126' title='bbox 789 802 951 833; x_wconf 88' lang='lat' dir='ltr'>beatorum</span> <span class='ocrx_word' id='word_1_127' title='bbox 969 802 1091 843; x_wconf 50' lang='lat' dir='ltr'>2-sigillo</span> <span class='ocrx_word' id='word_1_128' title='bbox 1106 802 1243 842; x_wconf 79' lang='lat' dir='ltr'>munitis,</span> <span class='ocrx_word' id='word_1_129' title='bbox 1260 802 1368 834; x_wconf 83' lang='lat' dir='ltr'>eadem</span> <span class='ocrx_word' id='word_1_130' title='bbox 1380 812 1511 845; x_wconf 87' lang='lat' dir='ltr'>prorsus</span> <span class='ocrx_word' id='word_1_131' title='bbox 1524 801 1601 833; x_wconf 78' lang='lat' dir='ltr'>tides</span> <span class='ocrx_word' id='word_1_132' title='bbox 1612 800 1729 842; x_wconf 76' lang='lat' dir='ltr'>ubique</span> 
     </span>
     <span class='ocr_line' id='line_1_20' title="bbox 215 853 1726 900; baseline -0.001 -14"><span class='ocrx_word' id='word_1_133' title='bbox 215 854 384 898; x_wconf 74' lang='lat' dir='ltr'>Martyrum</span> <span class='ocrx_word' id='word_1_134' title='bbox 405 854 548 896; x_wconf 77' lang='lat' dir='ltr'>catalogo</span> <span class='ocrx_word' id='word_1_135' title='bbox 570 854 706 886; x_wconf 80' lang='lat' dir='ltr'>adscribi</span> <span class='ocrx_word' id='word_1_136' title='bbox 727 860 756 886; x_wconf 88' lang='lat' dir='ltr'>et</span> <span class='ocrx_word' id='word_1_137' title='bbox 780 855 818 886; x_wconf 87' lang='lat' dir='ltr'>ad</span> <span class='ocrx_word' id='word_1_138' title='bbox 843 855 1185 900; x_wconf 59' lang='lat' dir='ltr'>solerii-5adl1ibeatur,</span> <span class='ocrx_word' id='word_1_139' title='bbox 1206 866 1285 898; x_wconf 86' lang='lat' dir='ltr'>quae</span> <span class='ocrx_word' id='word_1_140' title='bbox 1312 856 1386 899; x_wconf 85' lang='lat' dir='ltr'>ipsis</span> <span class='ocrx_word' id='word_1_141' title='bbox 1404 855 1622 898; x_wconf 87' lang='lat' dir='ltr'>praesentibus</span> <span class='ocrx_word' id='word_1_142' title='bbox 1640 853 1726 886; x_wconf 87' lang='lat' dir='ltr'>adbi-</span> 
     </span>
    </p>
   </div>
   <div class='ocr_carea' id='block_1_7' title="bbox 214 902 1729 992">
    <p class='ocr_par' dir='ltr' id='par_1_8' title="bbox 214 902 1729 992">
     <span class='ocr_line' id='line_1_21' title="bbox 215 902 1729 952; baseline 0 -14"><span class='ocrx_word' id='word_1_143' title='bbox 215 917 285 938; x_wconf 89' lang='lat' dir='ltr'>nem</span> <span class='ocrx_word' id='word_1_144' title='bbox 298 907 394 950; x_wconf 84' lang='lat' dir='ltr'>ipsius</span> <span class='ocrx_word' id='word_1_145' title='bbox 407 907 674 941; x_wconf 83' lang='lat' dir='ltr'>canonizationem</span> <span class='ocrx_word' id='word_1_146' title='bbox 689 902 972 952; x_wconf 57' lang='lat' dir='ltr'>quandocumque}</span> <span class='ocrx_word' id='word_1_147' title='bbox 988 908 1125 947; x_wconf 83' lang='lat' dir='ltr'>beretur,</span> <span class='ocrx_word' id='word_1_148' title='bbox 1147 908 1170 940; x_wconf 91' lang='lat' dir='ltr'>si</span> <span class='ocrx_word' id='word_1_149' title='bbox 1198 909 1299 941; x_wconf 87' lang='lat' dir='ltr'>forent</span> <span class='ocrx_word' id='word_1_150' title='bbox 1324 909 1479 941; x_wconf 71' lang='lat' dir='ltr'>exhibitae</span> <span class='ocrx_word' id='word_1_151' title='bbox 1502 909 1549 940; x_wconf 77' lang='lat' dir='ltr'>vel</span> <span class='ocrx_word' id='word_1_152' title='bbox 1574 913 1729 940; x_wconf 81' lang='lat' dir='ltr'>ostensae.</span> 
     </span>
     <span class='ocr_line' id='line_1_22' title="bbox 214 959 362 992; baseline 0.007 -1"><span class='ocrx_word' id='word_1_153' title='bbox 214 959 362 992; x_wconf 64' lang='lat' dir='ltr'>deveniri.</span> 
     </span>
    </p>
   </div>
   <div class='ocr_carea' id='block_1_8' title="bbox 15 1028 198 1076">
    <p class='ocr_par' dir='ltr' id='par_1_9' title="bbox 15 1028 198 1076">
     <span class='ocr_line' id='line_1_23' title="bbox 43 1028 198 1054; baseline -0.006 -5"><span class='ocrx_word' id='word_1_154' title='bbox 43 1028 142 1049; x_wconf 79' lang='lat' dir='ltr'>Concedit</span> <span class='ocrx_word' id='word_1_155' title='bbox 151 1033 198 1054; x_wconf 81' lang='lat' dir='ltr'>pro-</span> 
     </span>
     <span class='ocr_line' id='line_1_24' title="bbox 15 1054 173 1076; baseline 0 -1"><span class='ocrx_word' id='word_1_156' title='bbox 15 1056 39 1076; x_wconf 80' lang='lat' dir='ltr'>ut</span> <span class='ocrx_word' id='word_1_157' title='bbox 50 1054 71 1075; x_wconf 87' lang='lat' dir='ltr'>in</span> <span class='ocrx_word' id='word_1_158' title='bbox 80 1054 173 1075; x_wconf 72' lang='lat' dir='ltr'>rubrica.</span> 
     </span>
    </p>
   </div>
   <div class='ocr_carea' id='block_1_9' title="bbox 214 1005 974 2429">
    <p class='ocr_par' dir='ltr' id='par_1_10' title="bbox 214 1005 974 2429">
     <span class='ocr_line' id='line_1_25' title="bbox 259 1005 972 1060; baseline -0.001 -14"><span class='ocrx_word' id='word_1_159' title='bbox 259 1014 274 1055; x_wconf 60' lang='grc' dir='ltr'><strong>ξ</strong></span> <span class='ocrx_word' id='word_1_160' title='bbox 298 1013 327 1046; x_wconf 65' lang='grc'>9..</span> <span class='ocrx_word' id='word_1_161' title='bbox 353 1014 465 1052; x_wconf 81' lang='lat' dir='ltr'>Quare,</span> <span class='ocrx_word' id='word_1_162' title='bbox 478 1024 537 1057; x_wconf 88' lang='lat' dir='ltr'>pro</span> <span class='ocrx_word' id='word_1_163' title='bbox 555 1019 643 1057; x_wconf 87' lang='lat' dir='ltr'>parte</span> <span class='ocrx_word' id='word_1_164' title='bbox 663 1024 724 1046; x_wconf 88' lang='lat' dir='ltr'>non</span> <span class='ocrx_word' id='word_1_165' title='bbox 750 1014 850 1046; x_wconf 88' lang='lat' dir='ltr'>solum</span> <span class='ocrx_word' id='word_1_166' title='bbox 869 1005 972 1060; x_wconf 52' lang='lat' dir='ltr'>prae-i</span> 
     </span>
     <span class='ocr_line' id='line_1_26' title="bbox 215 1065 972 1107; baseline 0 -9"><span class='ocrx_word' id='word_1_167' title='bbox 215 1066 381 1107; x_wconf 77' lang='lat' dir='ltr'>dictorum,</span> <span class='ocrx_word' id='word_1_168' title='bbox 401 1077 509 1098; x_wconf 75' lang='lat' dir='ltr'>verum</span> <span class='ocrx_word' id='word_1_169' title='bbox 536 1067 627 1098; x_wconf 88' lang='lat' dir='ltr'>etiam</span> <span class='ocrx_word' id='word_1_170' title='bbox 650 1066 876 1098; x_wconf 70' lang='lat' dir='ltr'>venerabilium</span> <span class='ocrx_word' id='word_1_171' title='bbox 898 1065 972 1104; x_wconf 33' lang='lat' dir='ltr'>frast</span> 
     </span>
     <span class='ocr_line' id='line_1_27' title="bbox 214 1119 956 1152; baseline 0 -1"><span class='ocrx_word' id='word_1_172' title='bbox 214 1124 298 1151; x_wconf 86' lang='lat' dir='ltr'>trum</span> <span class='ocrx_word' id='word_1_173' title='bbox 324 1123 504 1152; x_wconf 83' lang='lat' dir='ltr'>nostrorum</span> <span class='ocrx_word' id='word_1_174' title='bbox 529 1119 667 1152; x_wconf 84' lang='lat' dir='ltr'>eiusdem</span> <span class='ocrx_word' id='word_1_175' title='bbox 693 1120 721 1152; x_wconf 92' lang='lat' dir='ltr'>S.</span> <span class='ocrx_word' id='word_1_176' title='bbox 749 1120 782 1151; x_wconf 81' lang='lat' dir='ltr'>R.</span> <span class='ocrx_word' id='word_1_177' title='bbox 808 1120 839 1152; x_wconf 87' lang='lat' dir='ltr'>E.</span> <span class='ocrx_word' id='word_1_178' title='bbox 858 1120 956 1151; x_wconf 84' lang='lat' dir='ltr'>cardi-</span> 
     </span>
     <span class='ocr_line' id='line_1_28' title="bbox 214 1172 972 1216; baseline 0 -12"><span class='ocrx_word' id='word_1_179' title='bbox 214 1173 332 1204; x_wconf 86' lang='lat' dir='ltr'>nalium</span> <span class='ocrx_word' id='word_1_180' title='bbox 350 1173 477 1214; x_wconf 78' lang='lat' dir='ltr'>negotio</span> <span class='ocrx_word' id='word_1_181' title='bbox 491 1172 714 1215; x_wconf 76' lang='lat' dir='ltr'>Propagandae</span> <span class='ocrx_word' id='word_1_182' title='bbox 728 1172 811 1204; x_wconf 84' lang='lat' dir='ltr'>Fidei</span> <span class='ocrx_word' id='word_1_183' title='bbox 828 1183 956 1216; x_wconf 82' lang='lat' dir='ltr'>praepo-</span> <span class='ocrx_word' id='word_1_184' title='bbox 970 1198 972 1204; x_wconf 70' lang='lat'>.</span> 
     </span>
     <span class='ocr_line' id='line_1_29' title="bbox 216 1224 971 1267; baseline 0.001 -11"><span class='ocrx_word' id='word_1_185' title='bbox 216 1225 358 1265; x_wconf 81' lang='lat' dir='ltr'>sitorum,</span> <span class='ocrx_word' id='word_1_186' title='bbox 374 1225 465 1257; x_wconf 84' lang='lat' dir='ltr'>nobis</span> <span class='ocrx_word' id='word_1_187' title='bbox 482 1224 540 1256; x_wconf 84' lang='lat' dir='ltr'>suit</span> <span class='ocrx_word' id='word_1_188' title='bbox 558 1225 719 1256; x_wconf 80' lang='lat' dir='ltr'>humiliter</span> <span class='ocrx_word' id='word_1_189' title='bbox 733 1226 954 1267; x_wconf 62' lang='lat' dir='ltr'>supplicatum,</span> <span class='ocrx_word' id='word_1_190' title='bbox 970 1225 971 1233; x_wconf 59' lang='lat'>¹</span> 
     </span>
     <span class='ocr_line' id='line_1_30' title="bbox 215 1274 973 1317; baseline 0.001 -9"><span class='ocrx_word' id='word_1_191' title='bbox 215 1282 250 1308; x_wconf 86' lang='lat' dir='ltr'>nt</span> <span class='ocrx_word' id='word_1_192' title='bbox 268 1277 402 1317; x_wconf 89' lang='lat' dir='ltr'>interim,</span> <span class='ocrx_word' id='word_1_193' title='bbox 417 1277 515 1310; x_wconf 87' lang='lat' dir='ltr'>donec</span> <span class='ocrx_word' id='word_1_194' title='bbox 541 1277 578 1309; x_wconf 88' lang='lat' dir='ltr'>ad</span> <span class='ocrx_word' id='word_1_195' title='bbox 603 1278 776 1309; x_wconf 83' lang='lat' dir='ltr'>solemnem</span> <span class='ocrx_word' id='word_1_196' title='bbox 791 1278 955 1309; x_wconf 82' lang='lat' dir='ltr'>canoniza-</span> <span class='ocrx_word' id='word_1_197' title='bbox 971 1274 973 1291; x_wconf 54' lang='lat'>&#39;¹</span> 
     </span>
     <span class='ocr_line' id='line_1_31' title="bbox 216 1330 956 1373; baseline -0.001 -11"><span class='ocrx_word' id='word_1_198' title='bbox 216 1330 332 1362; x_wconf 88' lang='lat' dir='ltr'>tionem</span> <span class='ocrx_word' id='word_1_199' title='bbox 358 1330 431 1363; x_wconf 90' lang='lat' dir='ltr'>dicti</span> <span class='ocrx_word' id='word_1_200' title='bbox 457 1331 537 1362; x_wconf 66' lang='lat' dir='ltr'>servi</span> <span class='ocrx_word' id='word_1_201' title='bbox 564 1331 616 1363; x_wconf 83' lang='lat' dir='ltr'>Dei</span> <span class='ocrx_word' id='word_1_202' title='bbox 635 1331 790 1373; x_wconf 84' lang='lat' dir='ltr'>losapbati</span> <span class='ocrx_word' id='word_1_203' title='bbox 815 1330 956 1362; x_wconf 77' lang='lat' dir='ltr'>devenia-</span> 
     </span>
     <span class='ocr_line' id='line_1_32' title="bbox 218 1383 973 1426; baseline 0 -11"><span class='ocrx_word' id='word_1_204' title='bbox 218 1387 284 1424; x_wconf 81' lang='lat' dir='ltr'>tur,</span> <span class='ocrx_word' id='word_1_205' title='bbox 310 1383 391 1415; x_wconf 92' lang='lat' dir='ltr'>idem</span> <span class='ocrx_word' id='word_1_206' title='bbox 418 1393 526 1416; x_wconf 77' lang='lat' dir='ltr'>servus</span> <span class='ocrx_word' id='word_1_207' title='bbox 557 1383 609 1415; x_wconf 82' lang='lat' dir='ltr'>Dei</span> <span class='ocrx_word' id='word_1_208' title='bbox 636 1383 819 1426; x_wconf 81' lang='lat' dir='ltr'>losapbatus</span> <span class='ocrx_word' id='word_1_209' title='bbox 844 1383 973 1415; x_wconf 67' lang='lat' dir='ltr'>Beatus</span> 
     </span>
     <span class='ocr_line' id='line_1_33' title="bbox 217 1430 973 1479; baseline 0.001 -12"><span class='ocrx_word' id='word_1_210' title='bbox 217 1436 401 1478; x_wconf 73' lang='lat' dir='ltr'>nuncupari,</span> <span class='ocrx_word' id='word_1_211' title='bbox 422 1441 515 1479; x_wconf 88' lang='lat' dir='ltr'>atque</span> <span class='ocrx_word' id='word_1_212' title='bbox 536 1436 673 1468; x_wconf 84' lang='lat' dir='ltr'>officium</span> <span class='ocrx_word' id='word_1_213' title='bbox 695 1442 723 1467; x_wconf 86' lang='lat' dir='ltr'>et</span> <span class='ocrx_word' id='word_1_214' title='bbox 741 1436 834 1467; x_wconf 70' lang='lat' dir='ltr'>missa</span> <span class='ocrx_word' id='word_1_215' title='bbox 852 1436 889 1467; x_wconf 87' lang='lat' dir='ltr'>de</span> <span class='ocrx_word' id='word_1_216' title='bbox 907 1446 955 1475; x_wconf 82' lang='lat' dir='ltr'>eo,</span> <span class='ocrx_word' id='word_1_217' title='bbox 972 1430 973 1443; x_wconf 67' lang='lat'>³</span> 
     </span>
     <span class='ocr_line' id='line_1_34' title="bbox 215 1488 973 1531; baseline 0 -12"><span class='ocrx_word' id='word_1_218' title='bbox 215 1493 249 1519; x_wconf 89' lang='lat' dir='ltr'>ut</span> <span class='ocrx_word' id='word_1_219' title='bbox 274 1488 363 1529; x_wconf 78' lang='lat' dir='ltr'>infra,</span> <span class='ocrx_word' id='word_1_220' title='bbox 389 1489 542 1521; x_wconf 85' lang='lat' dir='ltr'>celebrari</span> <span class='ocrx_word' id='word_1_221' title='bbox 566 1488 672 1531; x_wconf 79' lang='lat' dir='ltr'>possit.</span> <span class='ocrx_word' id='word_1_222' title='bbox 690 1489 752 1521; x_wconf 81' lang='lat' dir='ltr'>Nos</span> <span class='ocrx_word' id='word_1_223' title='bbox 767 1489 879 1531; x_wconf 80' lang='lat' dir='ltr'>itaque,</span> <span class='ocrx_word' id='word_1_224' title='bbox 898 1489 973 1531; x_wconf 53' lang='lat' dir='ltr'>piis?</span> 
     </span>
     <span class='ocr_line' id='line_1_35' title="bbox 217 1541 973 1584; baseline 0.001 -12"><span class='ocrx_word' id='word_1_225' title='bbox 217 1541 362 1573; x_wconf 69' lang='lat' dir='ltr'>Vladislai</span> <span class='ocrx_word' id='word_1_226' title='bbox 388 1541 480 1583; x_wconf 67' lang='lat' dir='ltr'>regis,</span> <span class='ocrx_word' id='word_1_227' title='bbox 506 1542 722 1581; x_wconf 81' lang='lat' dir='ltr'>cardinalium,</span> <span class='ocrx_word' id='word_1_228' title='bbox 744 1542 973 1584; x_wconf 48' lang='lat' dir='ltr'>metropolita-1</span> 
     </span>
     <span class='ocr_line' id='line_1_36' title="bbox 219 1586 973 1636; baseline 0.001 -12"><span class='ocrx_word' id='word_1_229' title='bbox 219 1602 343 1632; x_wconf 87' lang='lat' dir='ltr'>norum,</span> <span class='ocrx_word' id='word_1_230' title='bbox 368 1594 697 1636; x_wconf 85' lang='lat' dir='ltr'>archiepiscoporum,</span> <span class='ocrx_word' id='word_1_231' title='bbox 721 1586 973 1636; x_wconf 63' lang='lat' dir='ltr'>episcoporum,{</span> 
     </span>
     <span class='ocr_line' id='line_1_37' title="bbox 218 1642 974 1689; baseline 0 -12"><span class='ocrx_word' id='word_1_232' title='bbox 218 1646 428 1688; x_wconf 79' lang='lat' dir='ltr'>palatinorum</span> <span class='ocrx_word' id='word_1_233' title='bbox 454 1646 649 1689; x_wconf 86' lang='lat' dir='ltr'>principum,</span> <span class='ocrx_word' id='word_1_234' title='bbox 674 1646 760 1685; x_wconf 82' lang='lat' dir='ltr'>cleri,</span> <span class='ocrx_word' id='word_1_235' title='bbox 786 1642 974 1678; x_wconf 59' lang='lat' dir='ltr'>monacho-i</span> 
     </span>
     <span class='ocr_line' id='line_1_38' title="bbox 219 1699 958 1742; baseline 0.001 -13"><span class='ocrx_word' id='word_1_236' title='bbox 219 1709 289 1730; x_wconf 92' lang='lat' dir='ltr'>rum</span> <span class='ocrx_word' id='word_1_237' title='bbox 315 1702 345 1732; x_wconf 87' lang='lat' dir='ltr'>et</span> <span class='ocrx_word' id='word_1_238' title='bbox 367 1699 475 1742; x_wconf 87' lang='lat' dir='ltr'>populi</span> <span class='ocrx_word' id='word_1_239' title='bbox 501 1699 735 1742; x_wconf 82' lang='lat' dir='ltr'>praedictorum</span> <span class='ocrx_word' id='word_1_240' title='bbox 755 1699 832 1731; x_wconf 77' lang='lat' dir='ltr'>votis</span> <span class='ocrx_word' id='word_1_241' title='bbox 854 1699 958 1731; x_wconf 78' lang='lat' dir='ltr'>liuius-</span> 
     </span>
     <span class='ocr_line' id='line_1_39' title="bbox 219 1751 957 1794; baseline 0 -12"><span class='ocrx_word' id='word_1_242' title='bbox 219 1751 315 1790; x_wconf 86' lang='lat' dir='ltr'>modi‚</span> <span class='ocrx_word' id='word_1_243' title='bbox 340 1757 491 1794; x_wconf 89' lang='lat' dir='ltr'>quantum</span> <span class='ocrx_word' id='word_1_244' title='bbox 516 1762 586 1784; x_wconf 90' lang='lat' dir='ltr'>cum</span> <span class='ocrx_word' id='word_1_245' title='bbox 614 1752 744 1784; x_wconf 89' lang='lat' dir='ltr'>Domino</span> <span class='ocrx_word' id='word_1_246' title='bbox 768 1762 935 1794; x_wconf 86' lang='lat' dir='ltr'>possumus</span> <span class='ocrx_word' id='word_1_247' title='bbox 950 1778 957 1790; x_wconf 87' lang='lat'>‚</span> 
     </span>
     <span class='ocr_line' id='line_1_40' title="bbox 220 1803 958 1846; baseline 0 -11"><span class='ocrx_word' id='word_1_248' title='bbox 220 1803 355 1846; x_wconf 74' lang='lat' dir='ltr'>benigne</span> <span class='ocrx_word' id='word_1_249' title='bbox 369 1815 507 1836; x_wconf 88' lang='lat' dir='ltr'>annuere</span> <span class='ocrx_word' id='word_1_250' title='bbox 528 1805 677 1843; x_wconf 78' lang='lat' dir='ltr'>volentes,</span> <span class='ocrx_word' id='word_1_251' title='bbox 693 1803 870 1836; x_wconf 69' lang='lat' dir='ltr'>buiusmodi</span> <span class='ocrx_word' id='word_1_252' title='bbox 889 1814 958 1846; x_wconf 87' lang='lat' dir='ltr'>sup-</span> 
     </span>
     <span class='ocr_line' id='line_1_41' title="bbox 219 1857 958 1899; baseline 0 -11"><span class='ocrx_word' id='word_1_253' title='bbox 219 1857 438 1899; x_wconf 83' lang='lat' dir='ltr'>plicationibus</span> <span class='ocrx_word' id='word_1_254' title='bbox 459 1857 614 1896; x_wconf 77' lang='lat' dir='ltr'>inclinati,</span> <span class='ocrx_word' id='word_1_255' title='bbox 635 1857 673 1889; x_wconf 90' lang='lat' dir='ltr'>de</span> <span class='ocrx_word' id='word_1_256' title='bbox 690 1857 872 1889; x_wconf 85' lang='lat' dir='ltr'>corumdem</span> <span class='ocrx_word' id='word_1_257' title='bbox 894 1867 958 1888; x_wconf 90' lang='lat' dir='ltr'>car-</span> 
     </span>
     <span class='ocr_line' id='line_1_42' title="bbox 220 1909 957 1953; baseline -0.001 -12"><span class='ocrx_word' id='word_1_258' title='bbox 220 1909 372 1941; x_wconf 87' lang='lat' dir='ltr'>dinalium</span> <span class='ocrx_word' id='word_1_259' title='bbox 412 1910 509 1942; x_wconf 86' lang='lat' dir='ltr'>sacris</span> <span class='ocrx_word' id='word_1_260' title='bbox 550 1910 662 1941; x_wconf 86' lang='lat' dir='ltr'>ritibus</span> <span class='ocrx_word' id='word_1_261' title='bbox 705 1910 957 1953; x_wconf 66' lang='lat' dir='ltr'>praepositorum</span> 
     </span>
     <span class='ocr_line' id='line_1_43' title="bbox 222 1962 958 2006; baseline 0.003 -14"><span class='ocrx_word' id='word_1_262' title='bbox 222 1962 352 1995; x_wconf 79' lang='lat' dir='ltr'>consilio</span> <span class='ocrx_word' id='word_1_263' title='bbox 368 1989 375 2003; x_wconf 93' lang='lat'>,</span> <span class='ocrx_word' id='word_1_264' title='bbox 403 1968 436 1995; x_wconf 91' lang='lat' dir='ltr'>ut.</span> <span class='ocrx_word' id='word_1_265' title='bbox 468 1962 535 2005; x_wconf 85' lang='lat' dir='ltr'>ipse</span> <span class='ocrx_word' id='word_1_266' title='bbox 563 1963 616 1995; x_wconf 92' lang='lat' dir='ltr'>Dei</span> <span class='ocrx_word' id='word_1_267' title='bbox 641 1973 750 1994; x_wconf 78' lang='lat' dir='ltr'>servus</span> <span class='ocrx_word' id='word_1_268' title='bbox 774 1963 958 2006; x_wconf 84' lang='lat' dir='ltr'>losapbatus</span> 
     </span>
     <span class='ocr_line' id='line_1_44' title="bbox 222 2015 959 2059; baseline 0 -12"><span class='ocrx_word' id='word_1_269' title='bbox 222 2015 252 2047; x_wconf 89' lang='lat' dir='ltr'>in</span> <span class='ocrx_word' id='word_1_270' title='bbox 277 2021 437 2059; x_wconf 84' lang='lat' dir='ltr'>posterum</span> <span class='ocrx_word' id='word_1_271' title='bbox 459 2015 569 2048; x_wconf 85' lang='lat' dir='ltr'>Beatus</span> <span class='ocrx_word' id='word_1_272' title='bbox 594 2016 779 2059; x_wconf 86' lang='lat' dir='ltr'>nuncupari,</span> <span class='ocrx_word' id='word_1_273' title='bbox 804 2022 897 2059; x_wconf 85' lang='lat' dir='ltr'>atque</span> <span class='ocrx_word' id='word_1_274' title='bbox 921 2016 959 2047; x_wconf 91' lang='lat' dir='ltr'>ab</span> 
     </span>
     <span class='ocr_line' id='line_1_45' title="bbox 222 2068 961 2101; baseline 0 -1"><span class='ocrx_word' id='word_1_275' title='bbox 222 2069 369 2101; x_wconf 84' lang='lat' dir='ltr'>onnibus</span> <span class='ocrx_word' id='word_1_276' title='bbox 387 2069 548 2101; x_wconf 84' lang='lat' dir='ltr'>monacbis</span> <span class='ocrx_word' id='word_1_277' title='bbox 564 2069 638 2101; x_wconf 88' lang='lat' dir='ltr'>dicti</span> <span class='ocrx_word' id='word_1_278' title='bbox 653 2068 778 2101; x_wconf 90' lang='lat' dir='ltr'>Ordinis</span> <span class='ocrx_word' id='word_1_279' title='bbox 794 2069 890 2101; x_wconf 82' lang='lat' dir='ltr'>sancti</span> <span class='ocrx_word' id='word_1_280' title='bbox 909 2069 961 2100; x_wconf 85' lang='lat' dir='ltr'>Ba-</span> 
     </span>
     <span class='ocr_line' id='line_1_46' title="bbox 223 2121 959 2165; baseline 0.001 -13"><span class='ocrx_word' id='word_1_281' title='bbox 223 2121 283 2153; x_wconf 82' lang='lat' dir='ltr'>silii</span> <span class='ocrx_word' id='word_1_282' title='bbox 301 2122 417 2165; x_wconf 85' lang='lat' dir='ltr'>ubique</span> <span class='ocrx_word' id='word_1_283' title='bbox 434 2128 590 2154; x_wconf 88' lang='lat' dir='ltr'>terrarum</span> <span class='ocrx_word' id='word_1_284' title='bbox 609 2122 822 2163; x_wconf 78' lang='lat' dir='ltr'>existentibus,</span> <span class='ocrx_word' id='word_1_285' title='bbox 839 2132 959 2154; x_wconf 88' lang='lat' dir='ltr'>necnon</span> 
     </span>
     <span class='ocr_line' id='line_1_47' title="bbox 224 2174 962 2218; baseline 0.003 -13"><span class='ocrx_word' id='word_1_286' title='bbox 224 2174 255 2206; x_wconf 92' lang='lat' dir='ltr'>in</span> <span class='ocrx_word' id='word_1_287' title='bbox 281 2174 425 2206; x_wconf 88' lang='lat' dir='ltr'>omnibus</span> <span class='ocrx_word' id='word_1_288' title='bbox 451 2175 592 2207; x_wconf 86' lang='lat' dir='ltr'>eeclesiis</span> <span class='ocrx_word' id='word_1_289' title='bbox 615 2175 770 2207; x_wconf 84' lang='lat' dir='ltr'>dioecesis</span> <span class='ocrx_word' id='word_1_290' title='bbox 790 2181 820 2207; x_wconf 87' lang='lat' dir='ltr'>et</span> <span class='ocrx_word' id='word_1_291' title='bbox 840 2175 962 2218; x_wconf 72' lang='lat' dir='ltr'>provin—</span> 
     </span>
     <span class='ocr_line' id='line_1_48' title="bbox 225 2227 962 2270; baseline 0 -11"><span class='ocrx_word' id='word_1_292' title='bbox 225 2227 292 2259; x_wconf 76' lang='lat' dir='ltr'>ciae</span> <span class='ocrx_word' id='word_1_293' title='bbox 316 2227 504 2268; x_wconf 76' lang='lat' dir='ltr'>Polocensis,</span> <span class='ocrx_word' id='word_1_294' title='bbox 521 2238 556 2260; x_wconf 86' lang='lat' dir='ltr'>ac</span> <span class='ocrx_word' id='word_1_295' title='bbox 574 2228 667 2260; x_wconf 88' lang='lat' dir='ltr'>totius</span> <span class='ocrx_word' id='word_1_296' title='bbox 688 2228 870 2270; x_wconf 81' lang='lat' dir='ltr'>metropolis</span> <span class='ocrx_word' id='word_1_297' title='bbox 885 2228 962 2260; x_wconf 81' lang='lat' dir='ltr'>Rus-</span> 
     </span>
     <span class='ocr_line' id='line_1_49' title="bbox 225 2279 961 2322; baseline 0 -11"><span class='ocrx_word' id='word_1_298' title='bbox 225 2280 298 2320; x_wconf 67' lang='lat' dir='ltr'>siae,</span> <span class='ocrx_word' id='word_1_299' title='bbox 324 2290 340 2311; x_wconf 89' lang='lat' dir='ltr'>a</span> <span class='ocrx_word' id='word_1_300' title='bbox 365 2279 616 2322; x_wconf 83' lang='lat' dir='ltr'>quibuscumque</span> <span class='ocrx_word' id='word_1_301' title='bbox 641 2280 875 2319; x_wconf 85' lang='lat' dir='ltr'>sacerdotibus,</span> <span class='ocrx_word' id='word_1_302' title='bbox 901 2284 961 2313; x_wconf 89' lang='lat' dir='ltr'>tam</span> 
     </span>
     <span class='ocr_line' id='line_1_50' title="bbox 225 2332 963 2376; baseline -0.001 -11"><span class='ocrx_word' id='word_1_303' title='bbox 225 2333 420 2365; x_wconf 69' lang='lat' dir='ltr'>secularibus</span> <span class='ocrx_word' id='word_1_304' title='bbox 444 2343 537 2376; x_wconf 88' lang='lat' dir='ltr'>quam</span> <span class='ocrx_word' id='word_1_305' title='bbox 563 2333 771 2375; x_wconf 79' lang='lat' dir='ltr'>regularibus,</span> <span class='ocrx_word' id='word_1_306' title='bbox 788 2332 838 2364; x_wconf 85' lang='lat' dir='ltr'>die</span> <span class='ocrx_word' id='word_1_307' title='bbox 853 2332 963 2364; x_wconf 86' lang='lat' dir='ltr'>natalis</span> 
     </span>
     <span class='ocr_line' id='line_1_51' title="bbox 226 2385 962 2429; baseline -0.001 -11"><span class='ocrx_word' id='word_1_308' title='bbox 226 2386 341 2429; x_wconf 80' lang='lat' dir='ltr'>ipsius,</span> <span class='ocrx_word' id='word_1_309' title='bbox 366 2396 411 2418; x_wconf 80' lang='lat' dir='ltr'>xli</span> <span class='ocrx_word' id='word_1_310' title='bbox 439 2386 581 2418; x_wconf 85' lang='lat' dir='ltr'>videlicet</span> <span class='ocrx_word' id='word_1_311' title='bbox 604 2386 798 2425; x_wconf 79' lang='lat' dir='ltr'>novembris,</span> <span class='ocrx_word' id='word_1_312' title='bbox 823 2385 962 2418; x_wconf 87' lang='lat' dir='ltr'>officium</span> 
     </span>
    </p>
   </div>
   <div class='ocr_carea' id='block_1_10' title="bbox 968 783 982 2493">
    <p class='ocr_par' dir='ltr' id='par_1_11' title="bbox 968 783 982 2493">
     <span class='ocr_line' id='line_1_52' title="bbox 968 783 982 2493; baseline 0 0"><span class='ocrx_word' id='word_1_313' title='bbox 968 783 982 2493; x_wconf 95' lang='lat' dir='ltr'> </span> 
     </span>
    </p>
   </div>
   <div class='ocr_carea' id='block_1_11' title="bbox 228 2437 964 2482">
    <p class='ocr_par' dir='ltr' id='par_1_12' title="bbox 228 2437 964 2482">
     <span class='ocr_line' id='line_1_53' title="bbox 228 2437 964 2482; baseline 0.001 -13"><span class='ocrx_word' id='word_1_314' title='bbox 228 2444 257 2470; x_wconf 72' lang='lat' dir='ltr'>et</span> <span class='ocrx_word' id='word_1_315' title='bbox 268 2438 362 2470; x_wconf 83' lang='lat' dir='ltr'>inissa</span> <span class='ocrx_word' id='word_1_316' title='bbox 375 2438 412 2471; x_wconf 90' lang='lat' dir='ltr'>de</span> <span class='ocrx_word' id='word_1_317' title='bbox 426 2438 587 2471; x_wconf 86' lang='lat' dir='ltr'>communi</span> <span class='ocrx_word' id='word_1_318' title='bbox 601 2439 692 2470; x_wconf 88' lang='lat' dir='ltr'>unius</span> <span class='ocrx_word' id='word_1_319' title='bbox 706 2438 848 2482; x_wconf 78' lang='lat' dir='ltr'>Martyris</span> <span class='ocrx_word' id='word_1_320' title='bbox 863 2437 964 2470; x_wconf 87' lang='lat' dir='ltr'>Ponti-</span> 
     </span>
    </p>
   </div>
   <div class='ocr_carea' id='block_1_12' title="bbox 988 959 1730 1162">
    <p class='ocr_par' dir='ltr' id='par_1_13' title="bbox 988 959 1730 1109">
     <span class='ocr_line' id='line_1_54' title="bbox 1033 959 1726 1004; baseline -0.001 -13"><span class='ocrx_word' id='word_1_321' title='bbox 1033 961 1143 992; x_wconf 87' lang='lat' dir='ltr'>Datum</span> <span class='ocrx_word' id='word_1_322' title='bbox 1170 961 1299 1001; x_wconf 85' lang='lat' dir='ltr'>Romae,</span> <span class='ocrx_word' id='word_1_323' title='bbox 1331 962 1413 1004; x_wconf 88' lang='lat' dir='ltr'>apud</span> <span class='ocrx_word' id='word_1_324' title='bbox 1450 962 1478 994; x_wconf 92' lang='lat' dir='ltr'>S.</span> <span class='ocrx_word' id='word_1_325' title='bbox 1505 961 1642 1001; x_wconf 86' lang='lat' dir='ltr'>Petrum,</span> <span class='ocrx_word' id='word_1_326' title='bbox 1668 959 1726 991; x_wconf 85' lang='lat' dir='ltr'>sub</span> 
     </span>
     <span class='ocr_line' id='line_1_55' title="bbox 988 1013 1730 1052; baseline -0.001 -8"><span class='ocrx_word' id='word_1_327' title='bbox 988 1014 1104 1045; x_wconf 85' lang='lat' dir='ltr'>annulo</span> <span class='ocrx_word' id='word_1_328' title='bbox 1125 1013 1303 1051; x_wconf 71' lang='lat' dir='ltr'>Piscator-is,</span> <span class='ocrx_word' id='word_1_329' title='bbox 1321 1014 1371 1046; x_wconf 88' lang='lat' dir='ltr'>die</span> <span class='ocrx_word' id='word_1_330' title='bbox 1395 1024 1448 1046; x_wconf 70' lang='lat' dir='ltr'>XVI</span> <span class='ocrx_word' id='word_1_331' title='bbox 1475 1013 1548 1045; x_wconf 88' lang='lat' dir='ltr'>maii</span> <span class='ocrx_word' id='word_1_332' title='bbox 1578 1022 1730 1052; x_wconf 68' lang='lat' dir='ltr'>MDCXLIH,</span> 
     </span>
     <span class='ocr_line' id='line_1_56' title="bbox 988 1066 1474 1109; baseline 0.002 -11"><span class='ocrx_word' id='word_1_333' title='bbox 988 1066 1187 1109; x_wconf 81' lang='lat' dir='ltr'>pontificatus</span> <span class='ocrx_word' id='word_1_334' title='bbox 1203 1067 1303 1099; x_wconf 84' lang='lat' dir='ltr'>nostri</span> <span class='ocrx_word' id='word_1_335' title='bbox 1319 1077 1401 1099; x_wconf 88' lang='lat' dir='ltr'>anno</span> <span class='ocrx_word' id='word_1_336' title='bbox 1424 1077 1474 1099; x_wconf 80' lang='lat' dir='ltr'>xx.</span> 
     </span>
    </p>

    <p class='ocr_par' dir='ltr' id='par_1_14' title="bbox 1024 1127 1631 1162">
     <span class='ocr_line' id='line_1_57' title="bbox 1024 1127 1631 1162; baseline -0.002 -9"><span class='ocrx_word' id='word_1_337' title='bbox 1024 1127 1082 1154; x_wconf 85' lang='lat' dir='ltr'>Dat.</span> <span class='ocrx_word' id='word_1_338' title='bbox 1100 1127 1142 1154; x_wconf 88' lang='lat' dir='ltr'>die</span> <span class='ocrx_word' id='word_1_339' title='bbox 1164 1129 1196 1154; x_wconf 69' lang='lat' dir='ltr'>ttj</span> <span class='ocrx_word' id='word_1_340' title='bbox 1213 1128 1274 1154; x_wconf 82' lang='lat' dir='ltr'>maii</span> <span class='ocrx_word' id='word_1_341' title='bbox 1295 1128 1371 1161; x_wconf 67' lang='lat'>¹043,</span> <span class='ocrx_word' id='word_1_342' title='bbox 1389 1127 1483 1162; x_wconf 85' lang='lat' dir='ltr'>pontif.</span> <span class='ocrx_word' id='word_1_343' title='bbox 1500 1135 1570 1155; x_wconf 84' lang='lat' dir='ltr'>anno</span> <span class='ocrx_word' id='word_1_344' title='bbox 1586 1134 1631 1153; x_wconf 79' lang='lat' dir='ltr'>xx.</span> 
     </span>
    </p>
   </div>
   <div class='ocr_carea' id='block_1_13' title="bbox 1282 1267 1437 1300">
    <p class='ocr_par' dir='ltr' id='par_1_15' title="bbox 1282 1267 1437 1300">
     <span class='ocr_line' id='line_1_58' title="bbox 1282 1267 1437 1300; baseline -0.013 0"><span class='ocrx_word' id='word_1_345' title='bbox 1282 1267 1437 1300; x_wconf 83' lang='lat' dir='ltr'><strong>DCCXCII.</strong></span> 
     </span>
    </p>
   </div>
   <div class='ocr_carea' id='block_1_14' title="bbox 989 1346 1735 1494">
    <p class='ocr_par' dir='ltr' id='par_1_16' title="bbox 989 1346 1735 1494">
     <span class='ocr_line' id='line_1_59' title="bbox 989 1346 1735 1389; baseline -0.001 -10"><span class='ocrx_word' id='word_1_346' title='bbox 989 1346 1135 1380; x_wconf 69' lang='lat' dir='ltr'>Absolvit</span> <span class='ocrx_word' id='word_1_347' title='bbox 1155 1346 1327 1388; x_wconf 66' lang='lat' dir='ltr'>colteqium</span> <span class='ocrx_word' id='word_1_348' title='bbox 1351 1357 1519 1378; x_wconf 74' lang='lat' dir='ltr'>cursorum</span> <span class='ocrx_word' id='word_1_349' title='bbox 1540 1356 1561 1378; x_wconf 80' lang='lat' dir='ltr'>a</span> <span class='ocrx_word' id='word_1_350' title='bbox 1580 1356 1735 1389; x_wconf 80' lang='lat' dir='ltr'>quocum-</span> 
     </span>
     <span class='ocr_line' id='line_1_60' title="bbox 1034 1399 1732 1442; baseline 0 -11"><span class='ocrx_word' id='word_1_351' title='bbox 1034 1410 1097 1442; x_wconf 74' lang='lat' dir='ltr'>que</span> <span class='ocrx_word' id='word_1_352' title='bbox 1121 1400 1271 1431; x_wconf 63' lang='lat' dir='ltr'>interesse</span> <span class='ocrx_word' id='word_1_353' title='bbox 1297 1400 1379 1431; x_wconf 75' lang='lat' dir='ltr'>tuito</span> <span class='ocrx_word' id='word_1_354' title='bbox 1403 1409 1460 1441; x_wconf 75' lang='lat' dir='ltr'>per</span> <span class='ocrx_word' id='word_1_355' title='bbox 1480 1409 1540 1438; x_wconf 73' lang='lat'>808,</span> <span class='ocrx_word' id='word_1_356' title='bbox 1565 1402 1594 1430; x_wconf 79' lang='lat' dir='ltr'>el</span> <span class='ocrx_word' id='word_1_357' title='bbox 1617 1399 1732 1441; x_wconf 81' lang='lat' dir='ltr'>confir-</span> 
     </span>
     <span class='ocr_line' id='line_1_61' title="bbox 1034 1450 1580 1494; baseline 0.002 -12"><span class='ocrx_word' id='word_1_358' title='bbox 1034 1456 1102 1484; x_wconf 75' lang='lat' dir='ltr'>mat</span> <span class='ocrx_word' id='word_1_359' title='bbox 1127 1451 1282 1484; x_wconf 76' lang='lat' dir='ltr'>decretum</span> <span class='ocrx_word' id='word_1_360' title='bbox 1305 1452 1345 1483; x_wconf 82' lang='lat' dir='ltr'>ab</span> <span class='ocrx_word' id='word_1_361' title='bbox 1370 1462 1402 1483; x_wconf 84' lang='lat' dir='ltr'>eo</span> <span class='ocrx_word' id='word_1_362' title='bbox 1426 1450 1580 1494; x_wconf 80' lang='lat' dir='ltr'>factum&#39;.</span> 
     </span>
    </p>
   </div>
   <div class='ocr_carea' id='block_1_15' title="bbox 1139 1531 1587 1601">
    <p class='ocr_par' dir='ltr' id='par_1_17' title="bbox 1139 1531 1587 1601">
     <span class='ocr_line' id='line_1_62' title="bbox 1199 1531 1536 1563; baseline 0.003 -6"><span class='ocrx_word' id='word_1_363' title='bbox 1199 1531 1336 1558; x_wconf 81' lang='lat' dir='ltr'>Urbanus</span> <span class='ocrx_word' id='word_1_364' title='bbox 1357 1531 1435 1563; x_wconf 77' lang='lat' dir='ltr'>Papa</span> <span class='ocrx_word' id='word_1_365' title='bbox 1456 1531 1536 1561; x_wconf 85' lang='lat' dir='ltr'>VIII,</span> 
     </span>
     <span class='ocr_line' id='line_1_63' title="bbox 1139 1575 1587 1601; baseline 0 0"><span class='ocrx_word' id='word_1_366' title='bbox 1139 1575 1176 1601; x_wconf 83' lang='lat' dir='ltr'>ad</span> <span class='ocrx_word' id='word_1_367' title='bbox 1192 1575 1324 1601; x_wconf 79' lang='lat' dir='ltr'>futuram</span> <span class='ocrx_word' id='word_1_368' title='bbox 1341 1575 1385 1601; x_wconf 89' lang='lat' dir='ltr'>rei</span> <span class='ocrx_word' id='word_1_369' title='bbox 1406 1575 1587 1601; x_wconf 84' lang='lat' dir='ltr'>memoriam.</span> 
     </span>
    </p>
   </div>
   <div class='ocr_carea' id='block_1_16' title="bbox 991 1644 1737 1948">
    <p class='ocr_par' dir='ltr' id='par_1_18' title="bbox 991 1644 1737 1948">
     <span class='ocr_line' id='line_1_64' title="bbox 1035 1644 1732 1687; baseline 0.001 -12"><span class='ocrx_word' id='word_1_370' title='bbox 1035 1645 1050 1687; x_wconf 62' lang='lat' dir='ltr'>g</span> <span class='ocrx_word' id='word_1_371' title='bbox 1074 1644 1103 1676; x_wconf 86' lang='lat' dir='ltr'>l.</span> <span class='ocrx_word' id='word_1_372' title='bbox 1129 1644 1248 1686; x_wconf 79' lang='lat' dir='ltr'>Exponi</span> <span class='ocrx_word' id='word_1_373' title='bbox 1274 1644 1364 1676; x_wconf 91' lang='lat' dir='ltr'>nobis</span> <span class='ocrx_word' id='word_1_374' title='bbox 1392 1654 1493 1686; x_wconf 86' lang='lat' dir='ltr'>nuper</span> <span class='ocrx_word' id='word_1_375' title='bbox 1517 1644 1658 1676; x_wconf 82' lang='lat' dir='ltr'>fecerunt.</span> <span class='ocrx_word' id='word_1_376' title='bbox 1680 1644 1732 1676; x_wconf 91' lang='lat' dir='ltr'>di-</span> 
     </span>
     <span class='ocr_line' id='line_1_65' title="bbox 991 1696 1734 1738; baseline 0.001 -10"><span class='ocrx_word' id='word_1_377' title='bbox 991 1697 1061 1728; x_wconf 79' lang='lat' dir='ltr'>lecti</span> <span class='ocrx_word' id='word_1_378' title='bbox 1087 1696 1142 1728; x_wconf 78' lang='lat' dir='ltr'>tilii</span> <span class='ocrx_word' id='word_1_379' title='bbox 1169 1697 1349 1729; x_wconf 89' lang='lat' dir='ltr'>Dominicus</span> <span class='ocrx_word' id='word_1_380' title='bbox 1367 1697 1531 1738; x_wconf 71' lang='lat' dir='ltr'>lllangilius</span> <span class='ocrx_word' id='word_1_381' title='bbox 1552 1702 1582 1729; x_wconf 90' lang='lat' dir='ltr'>et</span> <span class='ocrx_word' id='word_1_382' title='bbox 1602 1698 1734 1730; x_wconf 86' lang='lat' dir='ltr'>loannes</span> 
     </span>
     <span class='ocr_line' id='line_1_66' title="bbox 991 1749 1736 1792; baseline 0.001 -11"><span class='ocrx_word' id='word_1_383' title='bbox 991 1749 1127 1792; x_wconf 76' lang='lat' dir='ltr'>Baptista</span> <span class='ocrx_word' id='word_1_384' title='bbox 1149 1750 1281 1788; x_wconf 64' lang='lat' dir='ltr'>llice-ius,</span> <span class='ocrx_word' id='word_1_385' title='bbox 1304 1760 1361 1782; x_wconf 80' lang='lat' dir='ltr'>suo</span> <span class='ocrx_word' id='word_1_386' title='bbox 1386 1754 1416 1782; x_wconf 88' lang='lat' dir='ltr'>et</span> <span class='ocrx_word' id='word_1_387' title='bbox 1439 1750 1574 1781; x_wconf 88' lang='lat' dir='ltr'>aliorum</span> <span class='ocrx_word' id='word_1_388' title='bbox 1590 1750 1736 1792; x_wconf 79' lang='lat' dir='ltr'>collegia-</span> 
     </span>
     <span class='ocr_line' id='line_1_67' title="bbox 992 1802 1737 1843; baseline 0.001 -10"><span class='ocrx_word' id='word_1_389' title='bbox 992 1802 1066 1833; x_wconf 93' lang='lat' dir='ltr'>lium</span> <span class='ocrx_word' id='word_1_390' title='bbox 1093 1802 1215 1843; x_wconf 73' lang='lat' dir='ltr'>collegii</span> <span class='ocrx_word' id='word_1_391' title='bbox 1237 1813 1403 1834; x_wconf 87' lang='lat' dir='ltr'>cursorum</span> <span class='ocrx_word' id='word_1_392' title='bbox 1430 1807 1612 1834; x_wconf 87' lang='lat' dir='ltr'>nostrorum</span> <span class='ocrx_word' id='word_1_393' title='bbox 1637 1802 1737 1835; x_wconf 84' lang='lat' dir='ltr'>nomi—</span> 
     </span>
     <span class='ocr_line' id='line_1_68' title="bbox 991 1855 1736 1898; baseline 0.001 -12"><span class='ocrx_word' id='word_1_394' title='bbox 991 1855 1189 1898; x_wconf 78' lang='lat' dir='ltr'>nibi1S‚qtiod</span> <span class='ocrx_word' id='word_1_395' title='bbox 1206 1855 1274 1898; x_wconf 83' lang='lat' dir='ltr'>ipsi,</span> <span class='ocrx_word' id='word_1_396' title='bbox 1289 1855 1374 1891; x_wconf 81' lang='lat' dir='ltr'>alias,</span> <span class='ocrx_word' id='word_1_397' title='bbox 1389 1866 1442 1887; x_wconf 82' lang='lat' dir='ltr'>seu</span> <span class='ocrx_word' id='word_1_398' title='bbox 1457 1865 1567 1898; x_wconf 90' lang='lat' dir='ltr'>nuper,</span> <span class='ocrx_word' id='word_1_399' title='bbox 1578 1866 1736 1887; x_wconf 84' lang='lat' dir='ltr'>memores</span> 
     </span>
     <span class='ocr_line' id='line_1_69' title="bbox 992 1908 1735 1948; baseline 0.001 -9"><span class='ocrx_word' id='word_1_400' title='bbox 992 1908 1203 1948; x_wconf 80' lang='lat' dir='ltr'>decretorum,</span> <span class='ocrx_word' id='word_1_401' title='bbox 1229 1908 1463 1940; x_wconf 82' lang='lat' dir='ltr'>ordinationum</span> <span class='ocrx_word' id='word_1_402' title='bbox 1490 1913 1520 1940; x_wconf 88' lang='lat' dir='ltr'>et</span> <span class='ocrx_word' id='word_1_403' title='bbox 1544 1913 1735 1940; x_wconf 82' lang='lat' dir='ltr'>statutorum</span> 
     </span>
    </p>
   </div>
   <div class='ocr_carea' id='block_1_17' title="bbox 1749 1650 1937 1723">
    <p class='ocr_par' dir='ltr' id='par_1_19' title="bbox 1749 1650 1937 1723">
     <span class='ocr_line' id='line_1_70' title="bbox 1760 1650 1935 1679; baseline 0.006 -10"><span class='ocrx_word' id='word_1_404' title='bbox 1760 1650 1860 1679; x_wconf 48' lang='lat' dir='ltr'>eni-sares</span> <span class='ocrx_word' id='word_1_405' title='bbox 1868 1651 1935 1676; x_wconf 84' lang='lat' dir='ltr'>quod-</span> 
     </span>
     <span class='ocr_line' id='line_1_71' title="bbox 1749 1679 1934 1701; baseline 0.005 -6"><span class='ocrx_word' id='word_1_406' title='bbox 1749 1682 1838 1701; x_wconf 67' lang='lat' dir='ltr'>cumque</span> <span class='ocrx_word' id='word_1_407' title='bbox 1846 1679 1934 1696; x_wconf 78' lang='lat' dir='ltr'>interes-</span> 
     </span>
     <span class='ocr_line' id='line_1_72' title="bbox 1858 1703 1937 1723; baseline 0.013 -1"><span class='ocrx_word' id='word_1_408' title='bbox 1858 1703 1937 1723; x_wconf 63' lang='lat' dir='ltr'>hiscum</span> 
     </span>
    </p>
   </div>
   <div class='ocr_carea' id='block_1_18' title="bbox 1749 1691 1868 1728">
    <p class='ocr_par' dir='ltr' id='par_1_20' title="bbox 1749 1691 1868 1728">
     <span class='ocr_line' id='line_1_73' title="bbox 1749 1691 1868 1728; baseline 0 -18"><span class='ocrx_word' id='word_1_409' title='bbox 1749 1691 1868 1728; x_wconf 95' lang='lat' dir='ltr'>      </span> 
     </span>
    </p>
   </div>
   <div class='ocr_carea' id='block_1_19' title="bbox 1749 1731 1936 1776">
    <p class='ocr_par' dir='ltr' id='par_1_21' title="bbox 1749 1731 1936 1776">
     <span class='ocr_line' id='line_1_74' title="bbox 1749 1731 1936 1757; baseline 0.011 -10"><span class='ocrx_word' id='word_1_410' title='bbox 1749 1744 1752 1747; x_wconf 92' lang='lat'>.</span> <span class='ocrx_word' id='word_1_411' title='bbox 1762 1735 1766 1749; x_wconf 87' lang='lat'>1</span> <span class='ocrx_word' id='word_1_412' title='bbox 1783 1737 1800 1757; x_wconf 54' lang='lat' dir='ltr'>e</span> <span class='ocrx_word' id='word_1_413' title='bbox 1829 1735 1834 1754; x_wconf 73' lang='grc' dir='ltr'>ι</span> <span class='ocrx_word' id='word_1_414' title='bbox 1844 1731 1936 1749; x_wconf 62' lang='lat' dir='ltr'>rix-atum</span> 
     </span>
     <span class='ocr_line' id='line_1_75' title="bbox 1750 1757 1868 1776; baseline 0.008 -1"><span class='ocrx_word' id='word_1_415' title='bbox 1750 1757 1868 1776; x_wconf 67' lang='lat' dir='ltr'>remtttunt,</span> 
     </span>
    </p>
   </div>
   <div class='ocr_carea' id='block_1_20' title="bbox 975 1961 1737 2003">
    <p class='ocr_par' dir='ltr' id='par_1_22' title="bbox 975 1961 1737 2003">
     <span class='ocr_line' id='line_1_76' title="bbox 975 1961 1737 2003; baseline 0 -11"><span class='ocrx_word' id='word_1_416' title='bbox 975 1991 976 1996; x_wconf 68' lang='grc'>,</span> <span class='ocrx_word' id='word_1_417' title='bbox 993 1961 1066 1993; x_wconf 89' lang='lat' dir='ltr'>dicti</span> <span class='ocrx_word' id='word_1_418' title='bbox 1085 1971 1194 1993; x_wconf 87' lang='lat' dir='ltr'>eorum</span> <span class='ocrx_word' id='word_1_419' title='bbox 1217 1961 1352 2003; x_wconf 70' lang='lat' dir='ltr'>collegii,</span> <span class='ocrx_word' id='word_1_420' title='bbox 1371 1965 1400 1994; x_wconf 84' lang='lat' dir='ltr'>ct</span> <span class='ocrx_word' id='word_1_421' title='bbox 1414 1961 1574 2003; x_wconf 81' lang='lat' dir='ltr'>signanter</span> <span class='ocrx_word' id='word_1_422' title='bbox 1591 1971 1737 2003; x_wconf 87' lang='lat' dir='ltr'>quarum-</span> 
     </span>
    </p>
   </div>
   <div class='ocr_carea' id='block_1_21' title="bbox 993 2013 1740 2479">
    <p class='ocr_par' dir='ltr' id='par_1_23' title="bbox 993 2013 1740 2479">
     <span class='ocr_line' id='line_1_77' title="bbox 993 2013 1739 2046; baseline 0.001 -2"><span class='ocrx_word' id='word_1_423' title='bbox 993 2013 1064 2045; x_wconf 91' lang='lat' dir='ltr'>dam</span> <span class='ocrx_word' id='word_1_424' title='bbox 1091 2014 1121 2045; x_wconf 87' lang='lat' dir='ltr'>in</span> <span class='ocrx_word' id='word_1_425' title='bbox 1146 2014 1238 2045; x_wconf 89' lang='lat' dir='ltr'>simili</span> <span class='ocrx_word' id='word_1_426' title='bbox 1257 2014 1357 2046; x_wconf 78' lang='lat' dir='ltr'>sorma</span> <span class='ocrx_word' id='word_1_427' title='bbox 1378 2014 1484 2045; x_wconf 75' lang='lat' dir='ltr'>Brevis</span> <span class='ocrx_word' id='word_1_428' title='bbox 1502 2014 1677 2045; x_wconf 83' lang='lat' dir='ltr'>litterarum</span> <span class='ocrx_word' id='word_1_429' title='bbox 1698 2014 1739 2045; x_wconf 86' lang='lat' dir='ltr'>se-</span> 
     </span>
     <span class='ocr_line' id='line_1_78' title="bbox 994 2066 1739 2110; baseline 0 -12"><span class='ocrx_word' id='word_1_430' title='bbox 994 2067 1061 2099; x_wconf 90' lang='lat' dir='ltr'>licis</span> <span class='ocrx_word' id='word_1_431' title='bbox 1086 2067 1314 2099; x_wconf 86' lang='lat' dir='ltr'>recordationis</span> <span class='ocrx_word' id='word_1_432' title='bbox 1339 2067 1425 2099; x_wconf 78' lang='lat' dir='ltr'>Pauli</span> <span class='ocrx_word' id='word_1_433' title='bbox 1448 2067 1549 2110; x_wconf 84' lang='lat' dir='ltr'>Papae</span> <span class='ocrx_word' id='word_1_434' title='bbox 1566 2067 1588 2099; x_wconf 94' lang='lat' dir='ltr'>V</span> <span class='ocrx_word' id='word_1_435' title='bbox 1609 2066 1739 2109; x_wconf 86' lang='lat' dir='ltr'>praede-</span> 
     </span>
     <span class='ocr_line' id='line_1_79' title="bbox 994 2119 1737 2153; baseline -0.001 -1"><span class='ocrx_word' id='word_1_436' title='bbox 994 2120 1127 2152; x_wconf 86' lang='lat' dir='ltr'>cessoris</span> <span class='ocrx_word' id='word_1_437' title='bbox 1155 2120 1253 2152; x_wconf 81' lang='lat' dir='ltr'>nostri</span> <span class='ocrx_word' id='word_1_438' title='bbox 1287 2119 1325 2152; x_wconf 90' lang='lat' dir='ltr'>de</span> <span class='ocrx_word' id='word_1_439' title='bbox 1357 2130 1439 2152; x_wconf 88' lang='lat' dir='ltr'>anno</span> <span class='ocrx_word' id='word_1_440' title='bbox 1464 2129 1583 2153; x_wconf 67' lang='lat' dir='ltr'>itincxlv</span> <span class='ocrx_word' id='word_1_441' title='bbox 1610 2130 1737 2151; x_wconf 89' lang='lat' dir='ltr'>emana-</span> 
     </span>
     <span class='ocr_line' id='line_1_80' title="bbox 995 2172 1735 2211; baseline 0 -7"><span class='ocrx_word' id='word_1_442' title='bbox 995 2178 1115 2211; x_wconf 82' lang='lat' dir='ltr'>tarum,</span> <span class='ocrx_word' id='word_1_443' title='bbox 1140 2172 1178 2204; x_wconf 81' lang='lat' dir='ltr'>ad</span> <span class='ocrx_word' id='word_1_444' title='bbox 1211 2174 1387 2204; x_wconf 88' lang='lat' dir='ltr'>animarum</span> <span class='ocrx_word' id='word_1_445' title='bbox 1423 2182 1550 2204; x_wconf 87' lang='lat' dir='ltr'>suarum</span> <span class='ocrx_word' id='word_1_446' title='bbox 1583 2172 1735 2211; x_wconf 85' lang='lat' dir='ltr'>salutem,</span> 
     </span>
     <span class='ocr_line' id='line_1_81' title="bbox 995 2224 1735 2267; baseline -0.001 -11"><span class='ocrx_word' id='word_1_447' title='bbox 995 2235 1030 2257; x_wconf 86' lang='lat' dir='ltr'>ac</span> <span class='ocrx_word' id='word_1_448' title='bbox 1056 2230 1089 2257; x_wconf 88' lang='lat' dir='ltr'>ut</span> <span class='ocrx_word' id='word_1_449' title='bbox 1112 2224 1150 2257; x_wconf 90' lang='lat' dir='ltr'>de</span> <span class='ocrx_word' id='word_1_450' title='bbox 1175 2230 1281 2257; x_wconf 87' lang='lat' dir='ltr'>cetero</span> <span class='ocrx_word' id='word_1_451' title='bbox 1305 2224 1442 2263; x_wconf 75' lang='lat' dir='ltr'>quietius</span> <span class='ocrx_word' id='word_1_452' title='bbox 1472 2224 1676 2267; x_wconf 87' lang='lat' dir='ltr'>securiusque</span> <span class='ocrx_word' id='word_1_453' title='bbox 1703 2224 1735 2256; x_wconf 88' lang='lat' dir='ltr'>in</span> 
     </span>
     <span class='ocr_line' id='line_1_82' title="bbox 996 2277 1735 2320; baseline -0.003 -10"><span class='ocrx_word' id='word_1_454' title='bbox 996 2278 1187 2310; x_wconf 78' lang='lat' dir='ltr'>conscientia</span> <span class='ocrx_word' id='word_1_455' title='bbox 1212 2278 1368 2318; x_wconf 83' lang='lat' dir='ltr'>viverent,</span> <span class='ocrx_word' id='word_1_456' title='bbox 1389 2277 1546 2320; x_wconf 87' lang='lat' dir='ltr'>quoddam</span> <span class='ocrx_word' id='word_1_457' title='bbox 1573 2277 1735 2309; x_wconf 85' lang='lat' dir='ltr'>decretum</span> 
     </span>
     <span class='ocr_line' id='line_1_83' title="bbox 996 2329 1737 2373; baseline 0 -12"><span class='ocrx_word' id='word_1_458' title='bbox 996 2329 1179 2369; x_wconf 87' lang='lat' dir='ltr'>ediderunt,</span> <span class='ocrx_word' id='word_1_459' title='bbox 1206 2340 1268 2373; x_wconf 91' lang='lat' dir='ltr'>quo</span> <span class='ocrx_word' id='word_1_460' title='bbox 1294 2329 1352 2362; x_wconf 90' lang='lat' dir='ltr'>sibi</span> <span class='ocrx_word' id='word_1_461' title='bbox 1379 2330 1510 2361; x_wconf 83' lang='lat' dir='ltr'>invicem</span> <span class='ocrx_word' id='word_1_462' title='bbox 1540 2334 1570 2361; x_wconf 87' lang='lat' dir='ltr'>et</span> <span class='ocrx_word' id='word_1_463' title='bbox 1598 2329 1737 2361; x_wconf 86' lang='lat' dir='ltr'>vicissim</span> 
     </span>
     <span class='ocr_line' id='line_1_84' title="bbox 996 2381 1739 2426; baseline -0.001 -11"><span class='ocrx_word' id='word_1_464' title='bbox 996 2382 1234 2426; x_wconf 88' lang='lat' dir='ltr'>quomodolibet</span> <span class='ocrx_word' id='word_1_465' title='bbox 1252 2383 1404 2415; x_wconf 86' lang='lat' dir='ltr'>interesse</span> <span class='ocrx_word' id='word_1_466' title='bbox 1421 2382 1562 2425; x_wconf 86' lang='lat' dir='ltr'>ipsorum</span> <span class='ocrx_word' id='word_1_467' title='bbox 1575 2381 1739 2414; x_wconf 84' lang='lat' dir='ltr'>dumtaxat.</span> 
     </span>
     <span class='ocr_line' id='line_1_85' title="bbox 997 2434 1740 2479; baseline 0 -11"><span class='ocrx_word' id='word_1_468' title='bbox 997 2436 1061 2468; x_wconf 89' lang='lat' dir='ltr'>sive</span> <span class='ocrx_word' id='word_1_469' title='bbox 1085 2436 1245 2479; x_wconf 84' lang='lat' dir='ltr'>publicum</span> <span class='ocrx_word' id='word_1_470' title='bbox 1265 2436 1330 2468; x_wconf 86' lang='lat' dir='ltr'>sive</span> <span class='ocrx_word' id='word_1_471' title='bbox 1356 2434 1522 2479; x_wconf 79' lang='lat' dir='ltr'>privatum,</span> <span class='ocrx_word' id='word_1_472' title='bbox 1545 2435 1628 2477; x_wconf 87' lang='lat' dir='ltr'>ipsos</span> <span class='ocrx_word' id='word_1_473' title='bbox 1644 2440 1674 2467; x_wconf 89' lang='lat' dir='ltr'>et</span> <span class='ocrx_word' id='word_1_474' title='bbox 1690 2445 1740 2468; x_wconf 91' lang='lat' dir='ltr'>eo-</span> 
     </span>
    </p>
   </div>
   <div class='ocr_carea' id='block_1_22' title="bbox 227 2488 1740 2583">
    <p class='ocr_par' dir='ltr' id='par_1_24' title="bbox 227 2488 1740 2583">
     <span class='ocr_line' id='line_1_86' title="bbox 227 2488 1740 2534; baseline -0.001 -12"><span class='ocrx_word' id='word_1_475' title='bbox 227 2491 433 2524; x_wconf 73' lang='lat' dir='ltr'>ticisrecitari</span> <span class='ocrx_word' id='word_1_476' title='bbox 454 2491 627 2534; x_wconf 82' lang='lat' dir='ltr'>respective</span> <span class='ocrx_word' id='word_1_477' title='bbox 646 2501 681 2523; x_wconf 83' lang='lat' dir='ltr'>ac</span> <span class='ocrx_word' id='word_1_478' title='bbox 698 2491 862 2531; x_wconf 84' lang='lat' dir='ltr'>celebrari,</span> <span class='ocrx_word' id='word_1_479' title='bbox 879 2491 965 2523; x_wconf 83' lang='lat' dir='ltr'>iuxta</span> <span class='ocrx_word' id='word_1_480' title='bbox 998 2500 1068 2521; x_wconf 87' lang='lat' dir='ltr'>rum</span> <span class='ocrx_word' id='word_1_481' title='bbox 1100 2489 1272 2533; x_wconf 86' lang='lat' dir='ltr'>quemlibet</span> <span class='ocrx_word' id='word_1_482' title='bbox 1305 2494 1422 2521; x_wconf 90' lang='lat' dir='ltr'>tantum</span> <span class='ocrx_word' id='word_1_483' title='bbox 1458 2494 1588 2530; x_wconf 79' lang='lat' dir='ltr'>tangens</span> <span class='ocrx_word' id='word_1_484' title='bbox 1604 2514 1612 2527; x_wconf 95' lang='lat'>‚</span> <span class='ocrx_word' id='word_1_485' title='bbox 1644 2488 1740 2521; x_wconf 87' lang='lat' dir='ltr'>etiam</span> 
     </span>
     <span class='ocr_line' id='line_1_87' title="bbox 229 2540 1740 2583; baseline 0 -9"><span class='ocrx_word' id='word_1_486' title='bbox 229 2543 372 2576; x_wconf 80' lang='lat' dir='ltr'>rubricas</span> <span class='ocrx_word' id='word_1_487' title='bbox 402 2544 552 2576; x_wconf 85' lang='lat' dir='ltr'>breviarii</span> <span class='ocrx_word' id='word_1_488' title='bbox 583 2548 613 2577; x_wconf 87' lang='lat' dir='ltr'>et</span> <span class='ocrx_word' id='word_1_489' title='bbox 644 2543 778 2576; x_wconf 87' lang='lat' dir='ltr'>missalis</span> <span class='ocrx_word' id='word_1_490' title='bbox 810 2543 964 2583; x_wconf 89' lang='lat' dir='ltr'>Romani,</span> <span class='ocrx_word' id='word_1_491' title='bbox 999 2552 1116 2575; x_wconf 85' lang='lat' dir='ltr'>massas</span> <span class='ocrx_word' id='word_1_492' title='bbox 1140 2548 1170 2574; x_wconf 86' lang='lat' dir='ltr'>et</span> <span class='ocrx_word' id='word_1_493' title='bbox 1193 2552 1368 2574; x_wconf 86' lang='lat' dir='ltr'>massarum</span> <span class='ocrx_word' id='word_1_494' title='bbox 1394 2540 1631 2573; x_wconf 86' lang='lat' dir='ltr'>distributiones</span> <span class='ocrx_word' id='word_1_495' title='bbox 1646 2545 1677 2574; x_wconf 86' lang='lat' dir='ltr'>et</span> <span class='ocrx_word' id='word_1_496' title='bbox 1693 2551 1740 2574; x_wconf 86' lang='lat' dir='ltr'>so-</span> 
     </span>
    </p>
   </div>
   <div class='ocr_carea' id='block_1_23' title="bbox 228 2596 1498 2639">
    <p class='ocr_par' dir='ltr' id='par_1_25' title="bbox 228 2596 1498 2639">
     <span class='ocr_line' id='line_1_88' title="bbox 228 2596 1498 2639; baseline 0 -12"><span class='ocrx_word' id='word_1_497' title='bbox 228 2605 349 2628; x_wconf 67' lang='lat' dir='ltr'>nmnon</span> <span class='ocrx_word' id='word_1_498' title='bbox 369 2596 478 2630; x_wconf 84' lang='lat' dir='ltr'>Graeci</span> <span class='ocrx_word' id='word_1_499' title='bbox 508 2607 561 2630; x_wconf 89' lang='lat' dir='ltr'>seu</span> <span class='ocrx_word' id='word_1_500' title='bbox 579 2596 712 2630; x_wconf 81' lang='lat' dir='ltr'>Rutbeni</span> <span class='ocrx_word' id='word_1_501' title='bbox 731 2596 768 2628; x_wconf 90' lang='lat' dir='ltr'>ab</span> <span class='ocrx_word' id='word_1_502' title='bbox 786 2596 965 2639; x_wconf 79' lang='lat' dir='ltr'>Apostolica</span> <span class='ocrx_word' id='word_1_503' title='bbox 1036 2605 1046 2629; x_wconf 81' lang='lat'><strong>1</strong></span> <span class='ocrx_word' id='word_1_504' title='bbox 1069 2603 1106 2630; x_wconf 84' lang='lat' dir='ltr'>Ex</span> <span class='ocrx_word' id='word_1_505' title='bbox 1124 2603 1231 2637; x_wconf 79' lang='lat' dir='ltr'>Regest.</span> <span class='ocrx_word' id='word_1_506' title='bbox 1257 2603 1284 2629; x_wconf 86' lang='lat' dir='ltr'>iu</span> <span class='ocrx_word' id='word_1_507' title='bbox 1299 2603 1400 2629; x_wconf 74' lang='lat' dir='ltr'>secret.</span> <span class='ocrx_word' id='word_1_508' title='bbox 1419 2601 1498 2628; x_wconf 75' lang='lat' dir='ltr'>Brev.</span> 
     </span>
    </p>
   </div>
  </div>
 </body>
</html>
