2107 3142
56 219 105 244 lm.
124 220 151 244 C.
175 218 241 245 164ss

92 1384 238 1410 Trausuruptoe

55 1416 100 1430 rum
116 1411 173 1431 tides.

89 2431 207 2452 Exordium.

848 221 1055 243 INNOCENTIUS
1081 221 1100 243 X
1126 221 1173 243 PP.

254 276 325 308 que,
342 265 470 298 indultis
486 271 516 298 et
535 265 646 299 litteris
662 267 855 310 apostolicis,
872 267 998 310 quibus-

255 319 301 350 vis
317 317 470 361 personis,
485 318 542 351 sub
559 319 812 363 quibuscumque
825 320 994 352 verborum

255 370 416 403 tenoribus
447 376 477 403 et
508 371 635 411 formis,
664 382 700 404 ae
730 382 802 404 cum
834 372 996 415 quibusvis

253 423 347 455 etiam
371 422 644 465 derogatoriarum
669 424 890 467 derogatoriis,
915 424 996 456 aliis-

254 486 315 518 que
332 476 562 509 efficacioribus
580 482 610 509 et
627 477 760 510 insolitis
785 477 943 517 clausulis,
960 487 995 510 ac

254 528 452 561 irritantibus
483 534 513 561 ct
545 529 613 562 aliis
637 529 790 568 decretis,
814 529 845 561 in
871 535 996 561 contra-

253 581 336 612 rium
353 582 600 624 praemissorum
619 581 856 624 quomodolibet
872 592 997 615 conces-

254 634 306 673 sis,
327 634 520 667 confirmatis
545 640 575 666 et
598 635 769 673 innovatis;
795 634 909 677 quibus
934 645 997 667 om-

254 687 346 717 uibus
378 692 408 719 et
439 686 593 728 singulis,
626 687 746 719 etiamsi
778 697 836 730 pro
868 687 995 720 illorum

255 739 421 772 sufficienti
447 739 651 781 derogatione
675 739 713 771 de
737 739 798 772 illis
823 750 996 783 eorumque

255 790 327 822 totis
341 791 502 823 tenoribus
516 792 669 834 specialis,
681 792 836 835 specifica,
850 803 996 835 expressa

255 849 282 874 et
310 843 479 885 individua,
493 854 528 876 ac
553 844 590 876 de
608 845 704 877 verbo
720 845 758 877 ad
776 845 917 885 verbum,
934 855 997 878 non

253 901 357 927 autem
383 906 440 939 per
465 897 620 929 clausulas
646 898 808 939 generales
833 898 916 930 idem
942 898 997 930 im-

252 955 433 991 portantes,
462 950 578 983 mentio
612 961 667 983 seu
701 951 828 994 quaevis
857 951 917 983 alia
943 962 996 983 ex-

253 1002 374 1043 pressio
402 1002 545 1034 habenda
563 1009 615 1035 aut
632 1003 735 1046 aliqua
758 1004 818 1035 alia
843 1004 996 1047 exquisita

256 1056 356 1085 torma
381 1054 419 1086 ad
443 1055 504 1087 hoc
528 1055 680 1087 servanda
700 1056 793 1097 foret,
811 1056 938 1088 illorum
956 1061 997 1088 te—

253 1117 347 1139 nores
371 1109 590 1150 praesentibus
606 1120 666 1152 pro
683 1110 775 1152 plene
795 1115 824 1141 et
844 1109 997 1142 sufficien-

254 1163 301 1191 ter
326 1161 479 1202 expressis
503 1161 671 1202 habentes,
697 1162 758 1193 illis
783 1162 859 1193 alias
884 1162 915 1193 in
940 1173 997 1195 suo

254 1212 370 1244 robore
388 1214 614 1255 permansuris,
632 1214 669 1245 ad
687 1214 935 1257 praemissorum
959 1215 997 1246 es-

254 1264 368 1296 sectum
405 1266 584 1308 specialiter
618 1272 648 1299 et
675 1278 823 1310 expresse
857 1267 995 1309 deroga-

255 1328 337 1352 mus:
355 1319 532 1361 ceterisque
549 1320 717 1352 contrariis
733 1320 995 1363 quibuscumque.

300 1370 314 1412 g
344 1370 390 1402 15.
416 1371 565 1404 Volumus
590 1377 714 1412 autem,
737 1372 821 1415 quod
846 1383 996 1416 praescn-

255 1423 332 1455 tium
353 1425 568 1467 transumptis,
589 1426 682 1457 etiam
705 1425 883 1468 impressis,
903 1436 996 1458 manu

255 1476 387 1508 alicuius
411 1477 525 1509 notarii
550 1478 670 1520 publici
695 1478 893 1521 subscriptis,
911 1484 941 1511 ct
962 1479 998 1510 si-

255 1529 330 1570 gillo
361 1540 517 1572 personae
545 1530 575 1561 in
603 1530 754 1572 dignitate
784 1531 997 1564 ecclesiastica

255 1582 441 1614 ‹oustitutae
466 1583 610 1624 munitis,
632 1583 739 1615 eadem
764 1594 895 1626 prorsus
920 1584 998 1616 tides

256 1634 284 1665 iu
309 1634 424 1667 iudicio
450 1641 480 1667 et
504 1641 591 1667 extra
611 1636 806 1677 adhibeatur,
825 1647 903 1679 quae
924 1637 997 1680 ipsis

255 1688 472 1729 praesentibus
497 1688 710 1729 adhiberetur,
736 1690 759 1721 si
785 1690 889 1722 forent
912 1691 997 1722 exhi-

256 1739 339 1771 bitae
363 1740 409 1771 vel
435 1746 587 1773 ostensae.

302 1793 411 1824 Datum
427 1794 556 1831 Itomae,
575 1795 657 1837 apud
669 1795 697 1827 S.
718 1795 856 1835 Petrum,
872 1796 928 1827 sub
947 1806 997 1827 an-

256 1846 330 1878 nulo
344 1846 581 1887 Piscium-igme
597 1858 659 1880 xxu
678 1848 827 1880 februarii
845 1858 995 1888 uncxtw,

257 1898 455 1941 pontificatus
480 1900 578 1931 nostri
598 1910 679 1932 anno
705 1910 735 1932 u.

295 1960 350 1986 ilat.
368 1960 411 1986 die
426 1961 459 1986 ⁹22
474 1961 604 1987 februarii
628 1962 705 1995 1646,
723 1962 815 1996 pontif.
833 1970 904 1989 anno
916 1969 942 1988 u.

258 2179 358 2211 Breve
381 2180 595 2222 apostolicum
623 2180 661 2213 (Ic
684 2181 844 2214 solvendis
868 2181 997 2214 decimis

298 2242 357 2274 per
380 2230 575 2275 reyulctres¹.

457 2312 653 2339 Innocentius
673 2312 750 2345 Papa
765 2313 798 2345 X,
836 2304 843 2309 ’

382 2356 418 2382 ad
439 2361 617 2389 perpetuam
635 2357 680 2383 rei
699 2357 880 2383 memoriam.

303 2426 420 2469 Nuper,
434 2436 492 2469 pro
512 2431 601 2469 parte
621 2426 847 2459 venerabilium
866 2427 997 2459 fratrum

259 2478 571 2522 archiepiscoporum
586 2484 615 2511 et
633 2480 855 2523 episcoporum
876 2491 998 2514 necnon

296 2549 307 2574 1
331 2548 419 2575 Habes
435 2549 506 2575 circa
525 2550 596 2576 hanc
616 2550 753 2576 materiam
774 2550 912 2577 decretum
933 2560 997 2578 san-

260 2596 319 2617 ctae
334 2591 466 2619 Romanae
481 2593 616 2620 Ecclesiae
632 2591 808 2620 cardinaliuf'n
822 2595 891 2621 sacri
902 2595 998 2622 Conci-

1669 211 1736 244 4233
1781 222 1831 246 A...
1850 224 1877 247 c.
1901 223 1969 248 16⁴6

1029 267 1215 299 dilectorum
1235 267 1372 300 filiorum
1398 268 1493 301 totius
1510 267 1586 300 cleri
1604 268 1693 310 regni
1714 267 1770 300 Po-

1028 319 1151 359 loniae,¹
1173 319 1321 352 dilectum
1346 321 1438 353 etiam
1464 321 1564 353 filium
1578 321 1768 354 Matthaeum

1029 371 1175 403 loannem
1200 372 1340 414 Iudickii,
1363 372 1619 406 archidiaconum
1648 373 1766 406 Pome-

1029 424 1207 456 raniensem
1228 430 1442 468 nuncupatum
1468 426 1498 457 in
1516 426 1648 458 ecclesia
1666 425 1770 458 Vladi-

1029 476 1184 517 slaviensi,
1206 477 1346 509 eiusdem
1371 478 1446 510 cleri
1472 478 1503 509 in
1520 478 1608 510 curia
1625 479 1769 511 Romana

1029 534 1184 571 agentem,
1198 529 1288 561 nobis
1306 530 1483 572 expositum
1500 531 1566 569 suit,
1584 531 1667 573 quod
1681 531 1768 573 alias,

1030 586 1060 612 et
1084 581 1141 613 sub
1166 581 1216 614 die
1240 592 1306 615 xvu
1330 582 1406 614 iunii
1423 582 1494 614 anni
1511 583 1654 626 proxime
1678 594 1770 626 prae-

1030 633 1112 665 teriti
1138 643 1276 674 uncxm,
1301 634 1333 666 in
1357 636 1451 667 causa
1475 635 1668 667 decimarum
1684 635 1769 668 cius-

1029 685 1100 718 dem
1126 687 1226 728 regni,
1251 697 1268 718 a
1293 687 1527 720 venerabilibus
1554 688 1647 720 etiam
1667 688 1771 720 fratri-

1029 738 1088 771 bus
1098 740 1214 772 nostris
1231 741 1259 773 S.
1274 741 1307 773 R.
1324 741 1356 773 Ε.
1371 741 1583 774 cardinalibus
1596 741 1677 774 sacri
1693 741 1771 774 Con-

1030 791 1092 824 cilii
1128 792 1301 825 Tridentini
1333 793 1577 836 intrerpretibus
1613 794 1771 827 emanavit

1030 844 1203 884 decretum,
1224 845 1307 888 quod
1324 856 1382 878 nos
1402 846 1536 878 subinde
1550 846 1606 878 sub
1624 847 1674 879 die
1686 856 1773 879 men-

1030 897 1071 929 sis
1095 897 1161 929 iulii
1187 898 1325 931 eiusdem
1350 898 1421 930 anni
1451 899 1482 931 in
1506 899 1694 932 consistorio
1716 909 1772 932 no·

1030 955 1095 982 stro
1121 956 1242 983 secreto
1277 951 1542 994 approbavimus,
1573 952 1692 984 tenoris
1716 952 1770 994 qui

1030 1003 1182 1045 sequitur,
1199 1004 1360 1036 videlicet:

1075 1056 1089 1097 g
1114 1055 1142 1087 sl.
1167 1068 1179 1087 ‹
1198 1057 1230 1088 ln
1248 1058 1341 1089 causa
1357 1056 1550 1089 decimarum
1569 1058 1658 1100 regni
1678 1058 1768 1091 Polo-
1887 1097 1890 1101 y
1956 1096 1960 1101 ,

1030 1107 1110 1147 niae,
1124 1107 1174 1140 die
1191 1119 1258 1142 xvu
1276 1109 1351 1141 iunii
1370 1109 1527 1142 iinchui⁹
1540 1120 1628 1142 sacra
1640 1120 1771 1153 congre·
1791 1101 1969 1142 *1‡.'}13?.=÷.'.‚.·ss.⁴:

1030 1160 1114 1201 gatio
1131 1160 1454 1194 eminentissimorum
1472 1162 1676 1194 cardinalium
1695 1163 1790 1196 Con-1
1955 1154 1959 1166 ⁵

1030 1212 1094 1244 cilii
1118 1213 1290 1245 Tridentini
1309 1214 1528 1257 interpretum,
1546 1215 1660 1247 iterum
1678 1219 1772 1258 atque

1031 1265 1144 1297 iteruin
1173 1266 1287 1299 auditis
1312 1268 1521 1309 regularibus,
1548 1274 1577 1300 ct
1601 1269 1774 1312 praecipue

1030 1318 1171 1360 patribus
1189 1320 1629 1364 Societatislcsu,eorum‹1ue
1650 1322 1774 1355 iuribus

1031 1376 1061 1403 et
1084 1371 1260 1414 privilegiis
1285 1379 1407 1406 mature
1435 1373 1605 1413 discussis,
1631 1375 1775 1417 censuit,

1031 1424 1069 1455 ab
1102 1425 1220 1457 eisdem
1254 1426 1398 1469 patribus
1422 1431 1452 1459 et
1475 1426 1543 1459 aliis
1572 1428 1774 1469 regularibus

1031 1477 1195 1509 solvendas
1221 1489 1288 1510 esse
1306 1479 1452 1521 parochis
1471 1484 1499 1511 et
1516 1479 1584 1511 aliis
1605 1480 1774 1512 beneficia-

1033 1530 1069 1561 tis
1095 1530 1184 1571 regni
1210 1531 1357 1563 Potoniae
1382 1531 1529 1572 decimas,
1560 1542 1641 1574 quac
1673 1533 1776 1565 solve-

1032 1583 1146 1614 bantur
1170 1594 1188 1614 a
1212 1583 1298 1615 iaicis
1326 1584 1509 1626 priusquam
1531 1585 1613 1617 bona
1639 1585 1669 1616 in
1693 1585 1775 1628 ipso-

1031 1646 1101 1667 rum
1126 1642 1251 1678 patrum
1277 1643 1306 1669 ct
1330 1638 1463 1669 aliorum
1483 1639 1675 1679 regularium
1701 1650 1775 1682 pro-

1030 1688 1195 1731 prietatem
1221 1690 1347 1721 suerunt
1367 1691 1525 1729 translata,
1547 1692 1647 1723 sirmis
1668 1697 1773 1725 tamen

1031 1742 1265 1775 remanentibus
1290 1744 1553 1776 transactiombus
1577 1745 1712 1787 desuper
1732 1746 1774 1777 sa—

1030 1794 1097 1826 ctis:
1111 1794 1195 1837 quod
1209 1795 1369 1827 decretum
1384 1797 1537 1828 emanavit
1552 1798 1676 1839 praevia
1689 1798 1774 1830 exhi-

1030 1846 1150 1879 bitione
1174 1847 1253 1880 sacta
1278 1847 1316 1879 ab
1342 1848 1416 1890 ipsis
1441 1848 1592 1891 patribus,
1609 1850 1658 1881 cui
1679 1850 1772 1883 etiarn

1030 1899 1158 1932 decreto
1194 1906 1302 1942 postea
1338 1906 1585 1941 consenserunt,
1618 1908 1713 1945 prout
1744 1909 1775 1935 ct

1030 1963 1126 1993 agens
1152 1954 1227 1985 cleri
1248 1954 1337 1996 regni
1356 1954 1512 1987 Poloniae.
1532 1955 1584 1987 Dic
1606 1966 1682 1988 vcro
1698 1967 1773 1990 xxiii

1031 2005 1096 2037 iulii
1122 2015 1258 2045 κυεην,
1291 2007 1505 2040 sanctissimus
1536 2008 1686 2040 [lominus
1717 2019 1776 2041 no—

1031 2063 1104 2099 ster,
1120 2059 1368 2091 eminentissimo
1383 2060 1530 2092 cardinali
1551 2063 1710 2104 praesecto
1728 2074 1775 2094 re-

1031 2112 1159 2149 ferente,
1177 2111 1207 2142 in
1232 2112 1419 2145 consistorio
1436 2114 1631 2156 approbavit,

1120 2164 1152 2195 F.
1174 2164 1340 2197 cardinalis
1365 2165 1533 2209 episcopus
1558 2167 1749 2200 l‘ortuensis.

1075 2217 1090 2259 ἓ
1115 2217 1143 2249 2.
1170 2217 1245 2250 Cum
1260 2223 1374 2259 autem,
1395 2218 1474 2251 sicut
1492 2219 1599 2251 eadem
1618 2221 1772 2262 expositio
1798 2225 1906 2258 §ww
1921 2227 1961 2261 Μ’

1032 2269 1261 2311 subiungebat,
1286 2276 1478 2315 exponentes
1502 2273 1631 2315 praefati
1663 2273 1773 2305 decre-
1787 2257 1851 2325 ”iiiia
1966 2264 1972 2271 ¹

1032 2327 1098 2354 turn
1123 2323 1364 2365 praeinsertum,
1391 2335 1453 2366 quo
1477 2325 1599 2357 firmius
1624 2325 1773 2358 subsistat
1786 2312 1867 2354 mim-¹
1897 2340 1921 2349 ¹·
1946 2337 1962 2349 ΔΓ

1031 2379 1062 2406 ct
1077 2375 1216 2408 exactius
1233 2376 1427 2417 observetur,
1440 2377 1628 2420 apostolicae
1644 2383 1773 2410 nostrae
1786 2363 1836 2380 Μ’

1031 2463 1058 2489 lii
1073 2463 1222 2491 Tridentini
1238 2465 1426 2500 interpretum,
1443 2464 1514 2499 quod
1537 2464 1655 2492 refertur
1673 2465 1701 2492 in
1722 2466 1774 2494 hac

1032 2508 1239 2538 Constitutione,
1256 2510 1268 2542 ἓ
1287 2511 1310 2534 1.

1066 2551 1082 2577 2
1103 2552 1140 2578 Ex
1159 2552 1303 2587 praedictis
1322 2552 1464 2587 legendum
1485 2553 1554 2580 foret
1573 2555 1642 2582 1645
1653 2555 1690 2589 (a.
1703 2556 1753 2590 Τ.).

1067 2595 1083 2621 3
1104 2595 1202 2622 Deesse
1224 2596 1329 2622 videtur
1349 2598 1493 2632 praeposit.
1513 2606 1568 2632 per
1586 2599 1625 2633 (R.
1641 2599 1690 2632 τ.).
