2107 3142
19 163 68 189 An.
82 161 109 186 C.
135 159 198 186 1048

800 155 1007 179 lNNOCENTws

214 215 272 249 pus
296 204 512 247 Anglonensis,
540 209 611 235 tunc
636 204 717 246 apud
743 204 843 236 bonae
869 203 950 235 simi-

214 258 284 290 liter
308 257 478 289 memoriae
504 256 734 289 l⁴'el·‹linandum
756 256 828 288 dicti
848 256 949 289 Cosmi

216 310 320 353 magni
345 310 432 342 ducis
457 310 631 352 genitorem
658 315 685 342 et
711 309 875 342 Iletruriae
893 308 950 341 sibi

215 363 372 396 subiectae
397 363 516 406 pariter
554 373 702 405 magnum
729 363 838 395 ducem
865 361 951 394 Sedis

215 415 410 460 Apostolicae
424 415 568 455 nuncius,
583 415 780 458 cognovisset
793 415 952 447 facultates

216 468 367 501 laicorum
387 469 530 512 expensis
548 468 732 501 necessariis
749 478 802 500 seu
824 467 952 499 utilibus

215 531 388 564 aggerum,
421 522 619 561 fossatorum,
650 521 788 560 viarum,
814 530 952 563 acquae—

217 574 366 606 ductuum
400 579 429 606 et
464 584 614 617 aquarum
653 573 866 605 diversionum
898 583 954 615 per

217 626 365 659 officiales
398 636 452 658 seu
489 626 651 669 deputatos
676 626 712 657 ad
733 625 870 658 officium
896 626 954 657 sos—

217 684 356 712 satorum
391 679 524 711 civitatis
556 679 696 711 Pisarum
731 678 761 709 in
793 678 954 717 districtu,

217 731 378 765 territorio
403 737 432 764 et
457 731 605 764 comitatu
630 731 729 764 dictae
755 730 887 763 civitatis
912 730 955 762 fa-

217 785 334 819 ciendis
358 788 421 818 non
454 786 612 826 sufficere,
647 785 787 825 clerum,
814 790 875 816 tam
902 795 952 816 se-

218 839 376 879 cularem,
402 848 494 882 quam
520 838 720 881 regularem,
745 847 956 881 personasque

218 891 442 924 ecclesiasticas
467 896 625 934 exemptas
643 896 672 923 et
690 890 803 923 milites
829 890 956 922 militiae

219 943 247 977 S.
277 943 450 987 Stephani,
476 943 596 977 ratione
628 943 786 976 bonorum
818 953 874 986 per
905 953 958 975 eos

218 996 250 1028 in
274 996 445 1037 territorio,
470 996 613 1029 districtu
639 1001 668 1028 et
693 995 842 1029 comitatu
867 995 955 1028 Pisa-

219 1059 290 1082 rum
307 1059 536 1092 possessorum,
551 1049 724 1082 subsidium
743 1048 832 1082 dictis
850 1059 958 1092 expen—

220 1102 261 1135 sis
275 1102 313 1135 ad
326 1102 512 1135 decennium
528 1108 601 1135 tunc
620 1102 800 1145 proximum
815 1102 958 1135 conferre

220 1165 311 1199 posse
342 1160 372 1188 et
403 1155 539 1197 debere,
569 1155 753 1188 auctoritate
787 1156 957 1198 apostoliea

221 1208 279 1241 sibi
304 1208 342 1241 ad
367 1208 398 1240 id
423 1208 600 1251 specialiter
620 1208 770 1250 delegata,
796 1218 958 1241 concesse-

221 1267 269 1294 rat
292 1267 322 1294 et
341 1261 564 1302 declaraverat,
581 1262 722 1295 voluerat
740 1266 842 1295 lamen
860 1268 889 1293 et
909 1262 959 1294 de-

223 1320 365 1349 creverat
378 1316 508 1357 clerum,
523 1314 747 1348 ecclesiasticas
764 1325 913 1358 personas
931 1320 960 1347 et

222 1369 336 1402 milites
361 1369 517 1413 praefatos
537 1369 575 1401 ad
595 1369 714 1412 aliquas
734 1378 885 1412 expensas
902 1369 959 1400 mi-

222 1423 394 1455 nistrorum
419 1422 491 1456 dicti
517 1422 610 1456 officii
643 1433 815 1466 eorumque
840 1422 961 1455 cancel-

222 1476 319 1509 lariae
343 1476 517 1509 ordinarias
542 1481 571 1509 et
595 1476 858 1509 extraordinarias
874 1476 961 1509 nullo

224 1529 318 1562 modo
339 1530 446 1571 teneri,
468 1534 498 1562 ct
515 1529 589 1561 alias
603 1534 695 1572 prout
720 1529 810 1562 latius
831 1528 862 1560 in
879 1528 961 1562 dicto

224 1583 350 1616 decreto
375 1583 536 1615 dicebatur
562 1582 724 1621 contineri;
751 1588 779 1615 et
805 1582 835 1614 in
852 1581 961 1615 eadem

224 1636 418 1680 expositione
439 1636 614 1677 subiuncto,
635 1636 846 1679 praefatorum
867 1636 962 1668 fossa-

225 1696 329 1723 torum
353 1690 500 1730 ossicium,
526 1695 656 1733 propter
681 1700 832 1733 expensas
856 1699 963 1722 neces-

226 1743 324 1776 sarias
348 1748 377 1776 et
402 1743 493 1776 utiles
519 1748 646 1776 eatenus
672 1743 775 1782 saetas,
792 1753 886 1785 grave
911 1752 963 1775 aes

226 1796 361 1829 alienum
394 1796 431 1828 ad
464 1807 617 1829 summam
650 1802 810 1829 scutorum
838 1796 964 1839 triginta

227 1850 360 1883 millium
385 1850 555 1883 ascendens
581 1851 783 1890 contraxisse,
806 1860 964 1893 novasque

227 1913 377 1947 expensas
398 1903 428 1935 in
449 1902 513 1935 dies
532 1903 601 1945 cogi
620 1904 730 1942 facere,
750 1902 829 1935 idem
851 1902 964 1935 Paulus

227 1956 462 2001 praedecessor,
479 1955 759 1999 supplicationibus
772 1955 845 1988 dicti
862 1955 964 1989 Cosmi

228 2009 334 2053 magni
359 2009 446 2042 ducis
470 2010 508 2042 ea
533 2008 563 2041 in
587 2012 674 2052 parte
692 2013 763 2042 tunc
785 2008 965 2050 inclinatus,

229 2062 312 2107 quod
338 2062 457 2103 clerus,
483 2067 544 2094 tam
570 2062 733 2102 secularis,
758 2072 850 2105 quam
876 2073 966 2105 regu-

230 2116 313 2158 laris,
337 2125 553 2160 personaeque
578 2115 804 2148 ecclesiasticae
822 2120 851 2147 et
869 2125 967 2148 exem-

229 2174 310 2213 ptae,
321 2179 356 2201 ac
368 2169 481 2201 milites
498 2168 660 2211 praedicti,
675 2168 794 2201 ratione
811 2168 966 2201 bonorum

230 2232 287 2266 per
311 2232 365 2255 eos
390 2222 421 2254 in
446 2222 615 2264 territorio,
637 2222 788 2254 comitatu
813 2227 842 2254 et
866 2221 968 2254 distri-

232 2280 282 2308 ctu
295 2275 395 2308 dictae
410 2275 541 2308 civitatis
554 2285 782 2318 possessorum,
795 2274 967 2307 subsidium

232 2329 270 2362 ad
302 2329 487 2362 decennium
518 2328 610 2361 modo
645 2331 673 2361 et
704 2328 806 2361 forma
831 2328 862 2360 in
887 2328 969 2361 dicto

234 2383 359 2417 decreto
384 2382 458 2416 dicti
483 2382 606 2415 Ascanii
635 2382 775 2426 episcopi
807 2387 836 2414 et
865 2383 969 2416 nuncii

233 2436 437 2480 praescriptis
462 2441 491 2468 et
516 2436 599 2468 iuxta
624 2436 705 2468 illius
730 2441 871 2468 tenorem
896 2446 969 2469 con-

234 2489 334 2530 ferre,
359 2500 394 2522 ac
419 2489 566 2522 officiales
596 2494 625 2521 et
658 2489 795 2533 deputati
819 2489 970 2533 praedicti

236 2542 410 2576 subsidium
442 2542 645 2583 huiusmodi,
678 2543 787 2576 eodem
820 2542 971 2577 decennio

302 2605 379 2633 Ball.
402 2605 485 2633 Rom.
510 2621 539 2624 —
565 2605 620 2634 Vol.
644 2604 702 2632 XV.
849 2605 881 2632 70

1032 155 1051 178 x
1077 155 1123 178 rr.
1628 144 1686 177 001

983 203 1124 242 durante,
1147 203 1209 235 tuta
1231 203 1419 235 conscientia
1438 202 1563 244 exigere
1584 206 1720 245 possent,

984 265 1154 298 omnesque
1183 255 1219 288 dc
1245 256 1339 296 clero,
1366 260 1427 287 tam
1452 255 1601 295 seculari,
1627 264 1721 297 quam

985 308 1132 350 regulari,
1148 318 1362 352 personaeque
1377 307 1614 348 ecclesiasticae,
1629 307 1721 339 etiam

985 366 1168 404 exemptae,
1201 372 1236 394 ac
1262 361 1375 393 milites
1408 361 1436 394 S.
1470 360 1640 404 Stephani,
1667 370 1719 392 ra-

986 415 1069 447 tione
1094 415 1260 455 bonorum,
1286 420 1318 447 ut
1342 414 1528 457 praefertur,
1546 424 1602 457 per
1622 424 1674 447 eos
1695 418 1724 446 et

986 467 1158 510 quemlibet
1182 477 1292 500 eorum
1317 476 1552 510 possessorum,
1577 466 1615 498 ad
1640 466 1724 498 solu-

988 520 1102 552 tionem
1138 519 1210 552 dieti
1244 519 1374 551 subsidii
1411 519 1481 561 cogi
1518 524 1547 551 et.
1579 518 1725 562 compelli

989 571 1133 611 valeant',
1151 571 1232 604 dicta
1250 571 1433 604 auctoritate
1459 576 1654 604 concessarat
1675 571 1725 603 de—

988 628 1207 667 creveratque,
1230 630 1257 656 et
1283 624 1413 656 subinde
1441 624 1599 658 decretum
1626 624 1664 656 ab
1688 634 1725 657 eo

989 687 1170 709 concessum
1187 677 1366 709 huiusmodi
1383 677 1420 709 ad
1438 677 1522 709 aliud
1539 677 1725 710 decennium

989 729 1167 762 extenderat
1193 736 1221 762 et
1247 735 1483 773 prorogaverat,
1505 740 1558 762 seu
1584 730 1621 762 dc
1645 740 1727 762 novo

990 781 1156 822 conde1·at;
1182 786 1211 816 et
1234 782 1445 826 postmodum,
1463 782 1648 815 recolendae
1666 792 1727 814 me-

992 835 1109 867 moriae
1134 835 1259 869 Urbano
1280 835 1380 879 Papae
1398 835 1461 868 VIII
1483 835 1626 867 similiter
1642 845 1729 878 prae-

990 887 1147 921 decessori
1184 893 1292 921 nostro
1329 898 1387 931 pro
1423 892 1511 931 parte
1546 887 1649 920 dilecti
1686 887 1727 919 si-

991 941 1023 973 lii
1048 941 1160 974 nobilis
1186 941 1243 974 viri
1267 941 1454 974 Ferdinandi
1480 941 1645 976 Iletruriae
1669 941 1729 973 sibi

991 993 1148 1026 subiectae
1166 994 1270 1037 magni
1288 994 1374 1027 ducis
1392 994 1542 1037 exposito,
1557 993 1641 1037 quod
1659 1004 1730 1026 cau-

992 1058 1053 1089 sae,
1077 1052 1207 1090 propter
1232 1057 1309 1091 quas
1333 1048 1505 1091 praemissa
1530 1057 1677 1081 concessa
1701 1052 1731 1080 et

992 1099 1115 1133 decreta
1140 1100 1280 1140 fuerant,
1305 1100 1398 1134 etiam
1423 1105 1496 1133 tunc
1521 1099 1677 1142 vigebant,
1702 1104 1731 1134 et

993 1158 1159 1196 propterea
1191 1153 1378 1185 decennium
1407 1153 1519 1186 ultimo
1547 1163 1730 1186 concessum

992 1206 1029 1238 ad
1056 1206 1139 1238 aliud
1165 1209 1287 1249 tempus
1312 1206 1480 1249 prorogari
1511 1205 1730 1247 desid01·at)at;

994 1259 1074 1291 idem
1100 1259 1243 1292 Urbanus
1269 1259 1503 1303 praedecessor,
1528 1260 1731 1304 supplicatio-

994 1312 1086 1346 nibus
1110 1312 1183 1345 dicti
1209 1312 1396 1346 Ferdinandi
1417 1313 1520 1356 magni
1538 1313 1626 1346 ducis
1649 1314 1733 1347 incli-

994 1371 1094 1407 natus,
1108 1366 1250 1407 subinde,
1264 1366 1348 1410 quod
1365 1367 1476 1409 clerus,
1491 1372 1553 1399 tam
1571 1367 1731 1410 secularis,

994 1429 1087 1462 quam
1114 1419 1278 1462 regularis,
1303 1429 1519 1463 personaeque
1548 1420 1734 1453 ecclesiasti-

995 1483 1048 1505 cae
1072 1477 1101 1505 et
1124 1477 1296 1516 exemptae,
1310 1482 1345 1505 ac
1370 1472 1484 1505 milites
1512 1473 1541 1505 S.
1563 1473 1733 1516 Stephani,

996 1525 1116 1558 ratione
1144 1525 1301 1559 bonorum
1334 1535 1390 1569 per
1422 1536 1474 1558 eos
1500 1525 1530 1558 in
1557 1526 1733 1568 territorio,

996 1579 1145 1611 comitatu
1169 1584 1198 1611 et
1223 1578 1366 1612 districtu
1390 1578 1491 1611 dictae
1516 1579 1647 1612 civitatis
1667 1591 1735 1623 pos—

996 1642 1164 1673 sessorum,
1178 1631 1350 1664 subsidium
1376 1632 1413 1664 ad
1438 1632 1622 1665 decennium
1639 1644 1655 1665 a
1674 1634 1735 1666 fine

996 1685 1139 1718 decennii
1164 1685 1274 1718 ultimo
1308 1686 1470 1728 prorogati
1504 1695 1558 1718 seu
1594 1687 1734 1720 concessi

997 1738 1251 1782 computandum,
1270 1738 1363 1771 modo
1381 1743 1410 1771 et
1427 1739 1528 1771 forma
1547 1738 1576 1771 in
1596 1740 1735 1782 praefato

997 1793 1123 1825 decreto
1148 1791 1221 1824 dicti
1247 1791 1369 1824 Ascanii
1399 1791 1537 1835 episcopi
1569 1797 1598 1824 et
1630 1793 1735 1826 nuncii

997 1846 1162 1889 descriptis
1176 1851 1205 1879 ct
1218 1845 1300 1878 iuxta
1315 1845 1396 1878 illius
1411 1851 1563 1886 tenorem,
1580 1847 1735 1888 conferre,

998 1910 1032 1932 ac
1048 1898 1195 1932 officiales
1213 1903 1242 1932 et
1259 1898 1398 1942 deputati
1415 1898 1544 1942 praefati
1562 1899 1736 1932 subsidium

999 1952 1187 1993 huiusmodi,
1198 1952 1348 1985 decennio
1364 1962 1421 1996 per
1438 1962 1508 1985 eum
1522 1963 1671 1986 concesso
1686 1953 1738 1986 du-

1000 2012 1097 2047 rante,
1112 2006 1236 2049 exigere
1253 2010 1390 2050 possent,
1405 2016 1576 2050 omnesque
1589 2006 1627 2039 de
1641 2007 1738 2047 clero,

1001 2066 1061 2093 lam
1080 2060 1223 2101 seculari,
1242 2070 1334 2103 quam
1357 2059 1505 2102 regulari,
1522 2070 1738 2103 personaeque

1001 2114 1228 2147 ecclesiasticae
1248 2118 1277 2146 et
1296 2118 1468 2156 exemptae,
1486 2123 1521 2145 ac
1543 2113 1656 2145 milites
1673 2122 1739 2146 san-

1001 2167 1039 2200 cti
1055 2166 1215 2210 Stephani,
1233 2165 1352 2198 ratione
1371 2165 1528 2198 bonorum
1546 2176 1604 2208 per
1623 2175 1687 2205 cos,
1706 2170 1739 2198 ut

1002 2221 1187 2264 praefertur,
1213 2225 1243 2252 ct
1267 2229 1376 2252 eorum
1390 2219 1561 2262 quemlibet
1580 2229 1738 2262 possesso-

1003 2286 1094 2315 rum,
1119 2273 1157 2306 ad
1189 2273 1376 2307 solutionem
1408 2272 1481 2306 dicti
1513 2271 1642 2305 subsidii
1668 2271 1738 2313 cogi

1003 2333 1032 2361 et
1049 2327 1193 2371 compelli
1208 2325 1354 2371 possint‘2,
1371 2325 1554 2359 auctoritate
1568 2324 1739 2368 apostolica

1004 2381 1146 2414 similiter
1171 2380 1324 2414 concessit
1348 2384 1377 2412 et
1401 2378 1554 2418 decrevit,
1577 2377 1673 2410 voluit
1690 2388 1740 2410 au-

1005 2439 1087 2477 tem,
1112 2434 1196 2478 quod
1227 2434 1312 2466 iuxta
1336 2433 1417 2465 illius
1450 2432 1567 2465 decreti
1600 2437 1741 2465 tenorem

1042 2507 1051 2532 1
1074 2506 1166 2540 Aptius
1186 2505 1244 2539 lege
1264 2504 1389 2531 valerent
1410 2503 1446 2537 (u.
1460 2503 1508 2536 ¹r.)‚

1038 2551 1054 2577 ς2
1075 2550 1167 2585 Aptius
1185 2549 1321 2584 legeretur
1336 2550 1451 2582 possent
1467 2546 1504 2582 (n.
1516 2546 1564 2582 T.).

1738 156 1786 180 An.
1803 155 1830 179 C.
1855 152 1920 179 1048
