2107 3142
0 197 20 216 1.
39 189 68 215 G.
86 187 153 216 1654

24 1035 150 1056 Praesentes

0 1060 49 1082 lidas
79 1060 150 1082 decta-

763 190 971 214 INNOCENTIUS
997 191 1016 214 X
1041 192 1089 214 1²1¹.

165 235 298 268 sentium
312 234 510 267 decernimus
527 241 557 267 et
576 236 783 276 declaramus3
801 247 847 277 ac,
864 237 902 269 ad

165 286 425 319 abundantiorem
440 288 602 329 cautelam,
617 293 646 321 et
659 294 812 331 quatenus
822 300 902 332 opus

164 339 224 380 sit,
249 338 374 371 easdem
398 340 550 372 novitates
579 346 608 373 et
637 347 723 373 actus
752 341 902 374 haetenus

163 392 260 424 saetas
295 397 326 424 et
358 392 476 432 factos,
512 393 652 436 aliosque
687 404 902 437 quoscumque

163 444 269 476 forsan
282 443 315 476 in
330 444 470 476 futurum
490 446 753 488 quandocumque
773 457 903 489 quomo-

164 496 283 529 dolibet
296 497 464 537 faciendos,
479 508 549 530 cum
569 498 716 530 omnibus
730 504 759 530 et
772 499 903 541 singulis

164 548 237 581 inde
251 549 376 590 secutis,
395 556 493 588 motu,
511 551 651 590 scientia,
668 551 902 591 deliberatione,

164 602 326 644 potestatis
350 602 553 644 plenitudine,
570 614 606 635 ac
631 608 738 635 tenore
764 605 902 646 paribus,

165 655 373 696 annullamus,
399 655 568 696 irritamus,
594 666 763 696 cassamus,
779 649 920 690 damna-‘

165 717 256 747 mus,
289 707 471 751 viribusque
503 714 533 740 et
562 708 673 740 effectu
698 719 901 750 evacuamus,

164 759 279 792 adeout
311 760 396 793 nullo
428 771 565 804 unquam
597 762 750 804 temporis
786 753 920 803 (τιιΓειι,ἰ

164 813 258 844 etiam
272 813 466 855 longissimo,
481 819 510 846 et
524 815 606 846 ultra
630 814 757 846 metam²
778 820 901 847 centum

164 875 330 905 annorum,
345 866 407 898 ulla
422 867 629 910 praescriptio
644 867 749 910 incipi,
764 878 821 900 nee
836 879 920 911 petz.

164 917 227 957 fici,
251 923 304 950 aut
329 930 460 962 prorsus
484 920 549 952 ullo
571 920 664 952 modo
686 920 808 960 induci,
833 922 902 954 nul-

164 970 275 1013 lusque
301 971 408 1004 titulus
432 971 503 1004 inde
527 972 603 1004 oriri
628 979 730 1015 queat.

210 1026 225 1067 ,ξ
250 1024 278 1056 2.
304 1024 512 1057 Decernentes
529 1030 709 1068 praesentes
726 1026 854 1065 litteras,
867 1036 902 1059 ac

165 1077 197 1109 in
222 1076 266 1109 eis
292 1082 438 1110 contenta
453 1088 680 1121 quaecumque,
702 1078 794 1110 etiarn
812 1089 848 1110 ex
867 1089 903 1111 eo
919 1097 921 1126 3,

165 1130 251 1174 quod
274 1131 376 1163 dictus
400 1131 584 1164 Franciscus
603 1131 674 1170 dux,
692 1138 745 1164 aut
761 1132 827 1164 cius
844 1133 903 1164 mi-
919 1127 921 1184 2

165 1183 277 1222 nistri,
302 1194 338 1215 ac
362 1183 553 1226 quicumque
578 1184 629 1216 alii
660 1184 691 1216 in
722 1185 920 1226 praemissis

165 1236 318 1268 interesse
342 1235 502 1275 habentes,
519 1246 573 1268 seu
591 1236 708 1268 habere
732 1237 905 1279 quomodo-

166 1289 242 1321 libet
266 1289 514 1332 praetendentes,
528 1289 567 1320 ad
591 1300 627 1321 ea
648 1290 746 1322 vocati
763 1296 791 1321 et
807 1290 903 1322 auditi

166 1351 229 1373 non
254 1341 390 1379 suerint,
416 1341 502 1374 nullo
532 1351 670 1384 unquam
697 1347 839 1384 tempore
867 1330 923 1375 del

167 1393 598 1437 subreptionis,obreptionis
622 1401 675 1426 aut
700 1395 849 1426 nullitatis
866 1385 923 1426 ri-³

167 1447 225 1486 tio,
252 1447 298 1478 vel
316 1446 495 1478 intentionis
512 1452 647 1485 nostrae,
664 1452 717 1478 aut
733 1447 793 1478 alio
809 1457 907 1489 quan-

168 1499 312 1531 tumlibet
328 1509 453 1541 magno,
478 1499 685 1541 inexcogitato
711 1506 741 1531 et
766 1500 924 1532 substan-1

168 1551 232 1583 tiali
259 1551 382 1584 defectu
398 1552 511 1589 notari,
526 1552 714 1595 impugnari,
733 1552 906 1592 invalidari,

168 1605 343 1645 retraetari,
367 1605 399 1637 in
423 1605 470 1637 ius
491 1605 539 1637 vel
559 1606 805 1638 controversiam
822 1616 908 1638 revo-

169 1658 256 1697 cari,
281 1663 334 1690 aut
358 1657 396 1690 ad
422 1658 572 1690 terminos
596 1658 673 1691 iuris
699 1658 828 1700 reduci,
860 1658 924 1691 rell

169 1710 319 1743 adversus
344 1711 412 1743 illas
440 1711 647 1743 restitutionis
676 1711 706 1743 in
732 1712 907 1753 integrum,

168 1768 223 1795 aut
238 1763 420 1806 aperitionis
434 1763 508 1803 oris,
520 1768 572 1795 aut
582 1763 816 1806 quodcumque³
825 1763 908 1795 aliud

169 1815 257 1853 iuris,
269 1816 339 1848 sacti
354 1817 401 1848 vel
417 1817 535 1859 gratiae
547 1817 719 1849 remedium
736 1817 908 1860 impetrari,

170 1873 224 1900 aut
242 1868 334 1900 etiam
349 1874 437 1901 motu
453 1869 545 1901 simili
562 1880 711 1902 concesso
729 1869 908 1912 quempiam

172 1922 204 1952 in
229 1921 346 1954 iudicio
370 1922 416 1954 vel
442 1927 529 1954 extra
554 1922 629 1954 illud
655 1922 699 1954 uti
731 1932 785 1954 seu
813 1934 844 1955 se
866 1923 926 1958 iu-;

171 1984 244 2005 vare
268 1984 375 2016 posse,
392 1974 446 2006 sed
471 1974 593 2006 easdem
620 1980 810 2017 praesentes,
837 1986 926 2016 cum,

170 2025 317 2058 omnibus
343 2031 373 2058 et
397 2026 527 2068 singulis
542 2027 572 2058 in
590 2026 634 2059 eis
652 2027 815 2067 contentis,
830 2038 909 2059 sem-

172 2089 230 2121 per
253 2084 283 2111 et
307 2084 460 2122 perpetuo
486 2079 622 2119 validas,
652 2079 759 2112 firmas
785 2085 815 2112 et
843 2079 926 2112 elli-¹

171 2141 261 2163 caces
286 2132 419 2164 existere
444 2138 473 2164 et
496 2132 573 2172 fore,
597 2142 734 2175 suosque
751 2133 926 2175 plenarios*

171 2189 201 2216 et
227 2183 368 2225 integros
393 2183 521 2216 effectus
553 2185 659 2217 sortiri
688 2189 718 2218 et
745 2185 908 2226 obtinere,

171 2236 280 2279 sicque
313 2242 343 2268 et
372 2246 437 2269 non
460 2237 549 2268 aliter
580 2237 612 2268 in
643 2238 824 2280 praemissis
852 2249 910 2281 per

170 2298 388 2332 quoscumque
413 2289 531 2321 iudices
555 2289 732 2322 ordinarios
765 2295 794 2322 ct
825 2289 909 2322 dele-

173 2346 279 2383 gatos,
305 2342 397 2374 etiam
423 2351 588 2374 causarum
614 2342 719 2384 palatii
746 2343 909 2385 apostolici

171 2394 343 2434 auditores,
367 2405 403 2427 ae
427 2400 551 2427 sanctae
576 2395 734 2427 Romanae
755 2395 910 2428 Ecclesiae

212 2519 222 2543 1
247 2517 316 2543 Edit.
336 2517 414 2544 Main.
436 2517 502 2553 legit
520 2522 621 2544 metam
641 2518 680 2552 (R.
697 2518 743 2551 T.)·

208 2560 225 2586 ⁴2
245 2560 316 2587 Edit.
332 2561 411 2589 tttain.
428 2561 492 2596 legit
507 2570 685 2597 quocumque
700 2563 738 2596 (n.
750 2568 798 2596 T.).

937 238 1131 278 cardinales,
1156 239 1248 271 etiam
1285 238 1322 270 de
1355 238 1452 271 latere
1477 239 1615 281 legatos,
1645 244 1677 271 ct

936 301 1151 334 quoscumque
1175 291 1252 323 alios
1269 301 1469 334 quacumque
1488 291 1676 324 auctoritate

935 343 1111 385 fungentes
1125 353 1207 376 nune
1221 348 1251 375 et
1266 353 1324 386 pro
1338 348 1483 386 tempore
1496 343 1675 384 existentes,

936 395 1058 428 sublata
1078 396 1122 428 eis
1139 400 1168 430 et
1184 406 1294 428 eorum
1311 396 1439 428 cuilibet
1462 396 1571 439 quavis
1584 396 1677 429 aliter

936 448 1093 481 iudicandi
1118 455 1147 481 et
1172 448 1397 492 interpretandi
1414 449 1560 481 facultate
1579 454 1609 481 et
1621 459 1677 481 au—

936 501 1088 542 ctoritate,
1115 501 1256 540 iudicari,
1281 501 1482 543 interpretari
1499 506 1530 533 et
1549 501 1675 533 deliniri

936 553 1061 593 debere,
1087 564 1122 586 ae
1146 554 1270 586 irritum
1296 559 1325 586 et
1349 553 1449 595 inane,
1467 553 1492 586 si
1506 563 1595 586 secus
1620 564 1674 586 su-

936 616 994 648 per
1018 606 1066 638 liis
1091 616 1107 638 a
1132 617 1311 649 quoquam,
1337 606 1445 649 quavis
1469 607 1675 647 auctoritate,

936 658 1070 691 scienter
1094 659 1140 691 vel
1166 659 1357 701 ignoranter,
1383 659 1550 701 contigerit
1574 664 1675 692 atten-

937 711 1005 743 tari.

982 762 996 804 ἕ
1015 761 1044 794 3.
1063 763 1131 795 Non
1145 763 1340 795 obstantibus
1352 764 1543 806 praemissiS,
1562 769 1592 796 et
1604 775 1677 807 apo·
1691 803 1700 821 l,
1713 777 1830 822 luminaria
1843 782 1878 797 r·-

1701 812 1708 821 ν
1720 810 1731 822 i.

936 814 1063 855 stolicis,
1078 826 1113 847 ac
1137 815 1167 847 in
1189 816 1329 848 conciliis
1353 816 1583 849 universalibus
1599 828 1675 860 pro-

936 867 1184 911 vincialibusque
1201 874 1231 900 et
1247 868 1446 912 synodalibus
1459 869 1559 909 editis,
1577 879 1674 911 gene-

936 919 1055 951 ralibus
1073 921 1118 952 vel
1140 921 1336 963 specialibus,
1354 921 1628 955 constitutionibus
1644 928 1674 955 et

918 971 920 979 '
937 972 1197 1014 ordinationibus,
1222 979 1261 1013 et,
1287 979 1440 1016 quatenus
1457 984 1537 1017 opus
1553 975 1602 1014 sit,
1618 985 1676 1008 no—

937 1025 1125 1058 sti-adenon
1140 1026 1277 1059 tollendo
1302 1027 1370 1059 iure
1394 1027 1547 1070 quaesito,
1565 1032 1595 1059 et
1607 1028 1677 1061 aliis

937 1079 1051 1111 nostris
1072 1084 1101 1110 et
1119 1079 1322 1111 cancellariae
1342 1079 1532 1122 apostolieae
1545 1079 1676 1122 regulis,

937 1141 1060 1163 necnon
1084 1131 1256 1174 quibusvis,
1277 1132 1371 1164 etiam
1395 1133 1582 1171 iuramento,
1606 1143 1678 1165 eon-

938 1184 1115 1216 firmatione
1128 1184 1309 1227 apostolica,
1330 1185 1377 1216 vel
1397 1185 1505 1227 quavis
1528 1184 1679 1218 firmitate

938 1236 997 1267 alia
1022 1236 1188 1276 roboratis,
1209 1236 1330 1268 statutis
1343 1242 1373 1268 et
1386 1236 1676 1276 consuetudinibus,

938 1288 1110 1331 privilegiis
1130 1299 1266 1331 quoque,
1284 1288 1412 1320 indultis
1430 1295 1459 1320 et
1476 1288 1586 1320 litteris
1603 1299 1677 1332 apo-

939 1340 1066 1379 stolicis,
1098 1340 1155 1372 sub
1180 1341 1433 1383 quilmscun‘ique
1462 1340 1623 1373 tenoribus
1648 1347 1680 1373 et,

940 1393 1059 1434 formis,
1085 1404 1120 1424 ac
1146 1403 1215 1425 cum
1241 1393 1402 1435 quibusvis
1427 1393 1520 1425 ctiam
1545 1392 1678 1435 deroga-

940 1445 1090 1476 toriarum
1116 1444 1342 1487 derogatoriis,
1367 1445 1498 1488 aliisque
1523 1444 1680 1478 efficacio-

940 1497 1039 1528 ribus
1053 1502 1082 1529 et
1106 1497 1239 1529 insolitis
1254 1497 1411 1537 clausulis,
1432 1507 1467 1528 ac
1485 1496 1682 1530 irritantibus

941 1555 972 1582 ct
996 1550 1064 1582 aliis
1089 1550 1233 1589 decretis,
1258 1551 1289 1582 in
1314 1550 1507 1583 eontrarium
1525 1550 1680 1592 praeniis-

941 1613 1058 1642 sorum,
1084 1603 1175 1635 etiam
1201 1609 1288 1635 motu
1313 1603 1406 1635 simili
1429 1608 1459 1635 et
1479 1602 1682 1635 consistoria-

941 1656 1021 1697 liter,
1036 1666 1071 1688 ac
1084 1656 1158 1688 alias
1172 1656 1420 1698 quomodolibet,
1432 1655 1593 1696 eman-atis,
1611 1665 1683 1688 con-

942 1708 1047 1748 cessis,
1073 1708 1277 1749 confirmatis,
1303 1708 1486 1751 approbatis
1508 1714 1538 1740 et
1562 1708 1683 1751 pluries

943 1761 1116 1800 innovatis,
1149 1761 1263 1803 quibus
1289 1761 1435 1793 omnibus
1466 1766 1496 1792 et
1529 1760 1680 1803 singulis,

942 1813 1063 1847 etiamsi
1083 1824 1141 1856 pro
1168 1814 1294 1846 illorum
1320 1813 1485 1846 sufficienti
1506 1812 1682 1855 derogatio—

942 1877 981 1899 ne
1004 1866 1042 1899 de
1067 1867 1127 1899 illis
1152 1877 1326 1910 eorumque
1342 1867 1413 1900 totis
1430 1866 1591 1899 tenoribus
1610 1876 1683 1909 spe-

943 1919 1038 1959 cialis,
1060 1919 1216 1962 specifica,
1235 1929 1382 1962 expressa
1407 1926 1437 1952 ct
1461 1918 1629 1959 individua,
1646 1928 1685 1951 ae

943 1971 980 2004 de
994 1971 1089 2004 verbo
1108 1971 1145 2003 ad
1167 1971 1308 2011 verbum,
1328 1981 1391 2004 non
1411 1976 1515 2003 autem
1529 1981 1586 2014 per
1599 1970 1685 2003 clau-

943 2025 1025 2057 sulas
1040 2025 1202 2066 generales
1227 2024 1310 2057 idem
1329 2025 1543 2067 importantes,
1564 2024 1684 2057 mentio

948 2077 1091 2109 habenda
1115 2082 1167 2109 aut
1192 2077 1319 2121 quaevis
1340 2077 1399 2108 alia
1413 2076 1564 2119 exquisita
1580 2076 1683 2108 forma

942 2130 980 2162 ad
994 2131 1054 2163 boc
1070 2130 1221 2162 servanda
1235 2130 1324 2170 foret,
1349 2135 1475 2162 tenores
1491 2128 1684 2168 huiusmodi,

943 2194 978 2216 ac
1001 2183 1025 2215 si
1046 2183 1084 2216 de
1107 2183 1202 2215 verbo
1227 2183 1265 2215 ad
1292 2182 1423 2215 verbum
1448 2181 1683 2222 insererentur,

942 2235 1159 2279 praesentibus
1174 2246 1232 2278 pro
1250 2235 1407 2278 expressis
1428 2238 1457 2266 et
1475 2233 1600 2266 insertis
1624 2234 1687 2265 sor-

944 2299 1090 2331 mamque
1106 2288 1137 2320 in
1161 2288 1221 2320 illis
1239 2288 1384 2320 traditam
1408 2297 1468 2330 pro
1486 2287 1611 2318 servata
1630 2285 1689 2318 ha-

943 2341 1060 2382 bentes,
1085 2341 1145 2373 illis
1170 2341 1245 2373 alias
1263 2341 1294 2372 in
1311 2351 1367 2373 suo
1388 2340 1504 2372 robore
1529 2348 1685 2382 perman-

944 2394 1036 2434 suris,
1047 2394 1085 2426 ad
1095 2393 1340 2437 praemissorum
1352 2391 1496 2425 effectum
1505 2391 1684 2434 specialiter

945 2452 975 2479 et
999 2457 1146 2490 expresse
1171 2446 1379 2487 derogamus;
1411 2445 1586 2488 ceterisque
1611 2455 1688 2478 con-

946 2500 1053 2532 trariis
1077 2499 1340 2542 quibuscumque.

991 2553 1102 2585 Datum
1124 2553 1253 2591 Romae,
1278 2550 1360 2594 apud
1384 2551 1413 2585 S.
1431 2550 1561 2584 Mariam
1586 2550 1688 2584 Maio—

1582 182 1646 216 759
1692 194 1745 220 An.
1761 193 1792 219 C.
1808 193 1878 221 {65³2

1736 805 1748 822 l.
