2107 3142
169 168 218 196 An.
235 169 262 196 C.
287 170 352 198 ¹639

208 2478 277 2499 Refert
308 2479 352 2499 vio-

168 2506 244 2525 tenuas
259 2512 270 2526 a
290 2511 352 2531 regns

167 2533 267 2553 ministri»
289 2532 351 2553 colle·

398 163 440 194 46

951 170 1129 195 BULLARIUM
1153 169 1309 195 ROMANUM

1903 170 1951 198 An.
1967 170 1996 199 C.
2012 170 2077 200 1639

366 219 531 262 regularis,
546 219 638 251 etiam
666 219 852 259 iuramento,
870 218 1108 253 confirmatione
1125 221 1127 235 ³
1143 219 1220 262 regii
1247 220 1276 251 in
1302 218 1408 262 regnis
1433 218 1642 262 Portugalliae
1665 224 1695 252 et
1719 218 1883 263 Algarbio-
1898 233 1953 254 cion
1968 233 2080 260 sponomm

366 272 548 316 apostolica,
571 272 616 304 vel
635 271 742 315 quavis
764 271 915 305 firmitate
940 273 999 305 alia
1018 274 1110 307 robo-

366 326 452 366 ratis,
470 325 591 359 statutis
616 330 645 358 et
670 325 960 368 consuetudinibus,
986 327 1109 371 privile-

367 379 426 421 giis
451 390 586 422 quoque,
605 378 733 412 indultis
753 384 781 412 et
798 379 910 413 litteris
927 381 1126 424 apostolici&

366 432 467 464 cidem
492 432 600 465 Ordini
629 437 660 465 et
687 433 848 477 quibusvis
876 434 961 467 illius
986 410 1126 477 religio-i

366 486 417 525 sis,
437 485 494 518 sub
516 486 679 530 quibusvis
704 487 874 520 verborum
896 488 1059 521 tenoribus
1080 493 1109 522 ct

365 539 486 578 formis,
511 550 547 572 ac
571 550 643 573 cum
668 540 830 584 quibusvis
855 541 947 574 etiam
973 542 1125 585 deroga-¹

364 592 519 625 toriarum
544 593 763 637 derogatoriis,
789 594 921 638 aliisque
946 595 1104 628 efficacio—

365 645 452 679 ribus
477 652 508 679 et
533 647 667 680 insolitis
692 648 840 681 clausulis
860 654 890 681 et
914 649 1058 689 decretis,
1077 649 1106 681 in

364 709 479 742 genere
502 700 550 733 vel
576 701 606 733 in
631 701 745 745 specie,
763 706 815 734 aut
832 702 907 735 alias
932 702 962 734 in
988 690 1125 735 contra-3

364 753 445 786 rium
471 755 739 798 praemissorum,
764 756 1001 799 quomodolibet
1034 767 1107 790 con-

364 808 481 848 cessis,
507 809 701 842 confirmatis
729 815 759 842 et
791 810 966 850 innovatis3
993 811 1107 854 quibus

364 861 511 895 omnibus
525 867 555 895 et
572 862 714 906 singulis,
736 863 861 897 illorum
879 868 1004 898 tenores
1021 875 1108 908 prae-

364 915 505 949 sentibus
533 927 591 960 pro
608 917 700 960 plene
717 922 747 950 et
767 918 958 952 sufficienter
983 929 1107 961 expres-

365 970 407 1002 sis
435 980 471 1003 ac
496 970 533 1004 de
560 971 656 1004 verbo
681 971 718 1004 ad
744 972 875 1005 verbum
902 973 1026 1005 insertis
1051 971 1124 1005 lia-³

364 1023 483 1063 bentes‚
504 1024 565 1056 illis
581 1024 657 1057 alias
683 1024 714 1057 in
738 1035 795 1058 suo
819 1025 934 1059 robore
959 1036 1107 1070 perman-

364 1076 454 1118 suris,
474 1077 511 1110 ad
526 1079 774 1121 praomissorum
790 1079 946 1120 effectum,
964 1080 1023 1113 hac
1040 1080 1107 1113 viee

364 1131 525 1164 dumtaxat
549 1132 728 1176 specialiter
753 1138 782 1165 et
806 1144 954 1177 expresse
978 1134 1124 1177 deroga-'

365 1195 448 1225 mus;
467 1186 641 1230 ceterisque
660 1187 826 1220 contrariis
843 1187 1104 1231 quibuscumque.

408 1238 518 1271 Datum
545 1240 671 1282 Romae,
696 1240 778 1284 apud
803 1241 830 1273 S.
857 1241 984 1273 Mariam
1016 1241 1107 1274 Maio-

365 1302 442 1334 rem,
471 1292 528 1325 sub
554 1294 669 1327 annulo
695 1294 883 1335 piscatoris,
910 1294 960 1327 die
988 1305 1030 1327 xn
1056 1295 1124 1328 cle-¹

364 1345 500 1379 cembris
541 1357 728 1387 mcxxxix,
766 1348 966 1391 pontificatus
1006 1349 1104 1381 nostri

363 1409 444 1433 anno
463 1411 538 1434 xvn.

1124 289 1127 317 l

399 1463 456 1491 Dat.
473 1463 516 1492 die
532 1465 564 1492 12
581 1465 735 1493 decembris
752 1466 829 1501 1639,
846 1466 940 1502 pontif.
955 1474 1023 1494 anno
1040 1473 1104 1494 xvii.

649 1611 821 1644 DCLXXIX.

366 1691 393 1723 F
393 1691 519 1724 occultas
537 1692 681 1735 episcopo
698 1692 931 1735 [teocam-ensi,
947 1693 1109 1726 collectori

406 1746 554 1788 generali
574 1746 610 1778 in
627 1747 859 1789 Portussalliae
884 1752 910 1779 e!
934 1747 1108 1790 Alqarbio-

406 1809 482 1831 rum
506 1800 632 1843 reqnis,
658 1801 827 1833 exercendi
851 1812 945 1834 suam
973 1802 1108 1834 iurz'sdzss

407 1853 544 1886 ctionem
582 1859 648 1887 lam
673 1856 709 1887 in
734 1855 878 1888 subditos
909 1866 1010 1898 quam
1043 1866 1109 1889 non

407 1906 561 1947 subditos,
587 1907 690 1940 ubivis
719 1908 871 1945 Iocorum,
893 1910 992 1941 ctiam
1018 1913 1107 1941 cztra

408 1959 495 1992 dicta
519 1971 619 2003 regma
634 1960 652 1994 ¹.

363 2052 531 2080 Venerabili
551 2053 637 2080 fratri
656 2053 820 2081 Alexandro
841 2054 979 2088 episcopo
995 2055 1107 2082 Neoca-

400 2097 512 2125 strensi
529 2118 536 2130 ,
557 2098 589 2124 in
609 2097 812 2132 Portuqalliae
845 2102 876 2125 et
904 2099 1108 2133 Alqarhiorum

400 2142 501 2176 regnis
523 2143 685 2176 spoliorum
714 2146 744 2170 et
768 2143 878 2170 iurium
900 2150 1036 2171 camerae
1056 2151 1109 2171 no-

401 2188 482 2213 strae
503 2187 689 2220 apostolicae
706 2187 873 2214 debitorum
894 2188 1049 2215 collectori
1061 2196 1108 2222 qe-

400 2230 507 2264 nerali,

562 2285 698 2313 Urbanus
727 2285 805 2319 Papa
832 2286 909 2313 VIII.

578 2347 765 2374 Venerabilis
785 2347 893 2380 frater,

402 2392 532 2419 salutem
554 2394 585 2419 et
606 2392 801 2426 apostolicam
820 2392 1068 2420 benedictionem.

412 2472 426 2514 g
451 2473 478 2505 l,
504 2473 580 2506 Cum
606 2483 715 2517 nuper,
738 2474 816 2507 sicut
840 2484 901 2506 non
928 2475 993 2506 sine
1020 2474 1107 2517 gravi

367 2525 460 2557 animi
487 2526 584 2559 nostri
604 2527 745 2561 molestia
767 2527 954 2571 accepimus,
973 2527 1106 2561 ministri
1124 2541 1125 2553 i

404 2590 412 2615 l
438 2588 474 2615 Ex
495 2594 593 2625 regest.
617 2591 642 2618 in
662 2591 763 2619 Secret.
785 2590 861 2619 Brev.

1143 284 1213 305 rum
1228 300 1235 313 ,
1260 272 1312 305 Dei
1339 272 1450 306 timore
1474 273 1672 317 postposito,
1697 273 1728 306 in
1753 283 1882 306 suarum

1142 327 1320 360 animarum
1353 326 1583 359 damnationem
1599 353 1606 367 ,
1631 326 1881 360 christifidelium

1142 380 1236 413 etiam
1259 381 1399 424 ipsorum
1425 390 1597 423 regnorum
1623 380 1816 422 scandalum,
1840 381 1883 413 iu-

1142 434 1397 477 risdictionisque
1430 439 1460 466 et
1495 433 1702 467 immunitatis
1735 434 1882 467 ecclesia-

1141 487 1237 520 stieae
1269 487 1480 529 violationem,
1501 498 1536 520 ac
1570 487 1659 521 Sedis
1686 487 1882 532 Apostolicae

1142 546 1368 584 contemptum,
1380 541 1447 574 ausi
1458 541 1572 574 fuerint
1590 541 1621 573 in
1638 541 1761 575 civitate
1771 540 1884 585 Ulyssi-

1141 595 1272 637 ponensi
1296 594 1413 627 nedum
1435 595 1554 638 absque
1579 594 1796 628 iurisdictione
1813 604 1884 628 con·

1123 652 1187 688 ,tra
1205 647 1433 681 fraternitatem
1465 653 1561 685 tuam,
1584 648 1615 680 in
1647 647 1798 691 dignitate
1818 648 1883 692 epi·

1141 701 1260 745 scopali
1286 701 1492 743 existentem,
1522 711 1557 734 ac
1593 711 1709 735 munus
1737 701 1882 746 primarii

1141 755 1283 788 officialis
1309 760 1338 788 et
1362 755 1497 788 ministri
1522 755 1623 788 nostri
1648 760 1678 788 et
1702 755 1790 788 Sedis
1805 756 1884 799 Apo-

1141 808 1279 849 stolicae,
1310 819 1424 852 nempe
1449 809 1627 842 collectoris
1652 808 1809 852 generalis
1834 808 1883 842 iu-

1141 862 1224 895 rium
1250 873 1393 896 camerae.
1427 863 1616 906 apostolicae
1651 873 1723 896 cum
1758 862 1884 896 faculta-

1140 915 1223 948 tibus
1240 915 1356 955 nuncii,
1371 915 1403 948 in
1416 916 1533 949 eisdem
1551 916 1657 959 regnis
1673 919 1881 958 exercentem,

1141 974 1171 1001 et
1196 969 1273 1001 nulli
1299 969 1358 1002 nisi
1388 968 1479 1002 nobis
1504 974 1535 1002 et
1559 973 1682 1002 sanctae
1707 969 1778 1002 Sedi
1802 969 1880 1002 sub-

1140 1022 1250 1063 ditum,
1266 1023 1450 1067 procedere,
1467 1023 1521 1056 sed
1545 1023 1638 1057 etiam
1663 1023 1807 1057 eamdem
1826 1023 1884 1056 fra-

1142 1078 1319 1111 ternitatem
1337 1082 1421 1112 tuam
1439 1083 1568 1118 temere,
1586 1078 1749 1121 sacrilege,
1767 1088 1802 1112 ac
1821 1087 1884 1111 non

1141 1132 1207 1165 sine
1232 1132 1369 1164 maxima
1393 1132 1559 1172 violentia,
1584 1132 1770 1176 actibusque
1794 1130 1883 1164 valde

1141 1186 1322 1219 inhumanis
1347 1192 1492 1228 tractare,
1517 1186 1706 1231 cibariisque
1729 1190 1791 1220 tam
1817 1185 1884 1219 ani-

1141 1250 1210 1273 mae
1244 1251 1339 1284 quam
1375 1240 1541 1285 corporis,
1570 1250 1607 1273 ac
1639 1239 1768 1273 servitio
1792 1239 1883 1273 solito

1140 1294 1342 1335 famulorum,
1367 1305 1446 1338 quos
1471 1294 1564 1328 etiam
1593 1293 1775 1327 carceribus
1799 1303 1885 1327 man-

1141 1346 1246 1390 cipare
1272 1348 1422 1387 fecerunt,
1446 1347 1593 1391 privare,
1617 1352 1710 1391 teque
1734 1347 1765 1380 in
1789 1346 1884 1380 domo

1141 1401 1194 1433 tua
1210 1401 1366 1442 obsidere,
1383 1406 1412 1434 et
1430 1401 1460 1434 in
1477 1401 1599 1435 duobus
1615 1401 1698 1434 illius
1719 1400 1883 1442 cubiculis,

1141 1454 1234 1487 etiam
1266 1455 1418 1488 militibus
1445 1465 1480 1488 ac
1512 1454 1698 1488 satellitibus
1733 1453 1882 1494 armatis,

1141 1507 1305 1541 obsessum
1338 1508 1474 1541 retinere
1489 1535 1496 1549 ‚
1521 1519 1557 1542 ac
1581 1507 1693 1541 deinde
1718 1508 1749 1540 in
1774 1517 1882 1541 mona-

1141 1561 1236 1594 sterio
1268 1562 1401 1595 fratrum
1434 1562 1558 1596 Ordinis
1591 1562 1688 1595 sancti
1725 1561 1883 1595 Francisci

1141 1615 1241 1649 dictae
1267 1615 1399 1648 civitatis
1431 1625 1564 1659 capere,
1595 1620 1625 1648 et
1648 1615 1687 1647 ab
1712 1614 1765 1648 illo
1790 1615 1882 1649 etiam

1142 1679 1201 1712 pro
1226 1668 1480 1713 delinquentibus
1504 1668 1636 1701 immuni
1662 1668 1815 1701 violenter
1834 1678 1885 1701 ex-

1143 1723 1289 1764 trahere,
1315 1734 1351 1756 ac
1376 1724 1413 1755 ab
1439 1723 1557 1756 eisdem
1584 1722 1689 1766 regnis
1714 1722 1883 1767 expellere,

1142 1782 1173 1809 et
1190 1781 1276 1810 extra
1299 1777 1366 1821 ipsa
1390 1787 1487 1820 regna
1512 1776 1644 1809 invitum
1669 1776 1834 1817 adducere,
1855 1781 1883 1808 et

1143 1830 1172 1862 in
1194 1831 1263 1864 loco
1289 1842 1305 1863 a
1330 1830 1453 1864 civitate
1474 1830 1602 1863 Pacensi
1627 1830 1716 1873 regni
1733 1829 1883 1864 Castellae

1142 1887 1212 1917 octo
1230 1884 1405 1917 miliaribus
1425 1884 1551 1917 circiter
1575 1883 1708 1917 distante
1733 1882 1883 1916 iniuriose

1143 1938 1317 1979 dimittere3

1188 1992 1202 2035 g
1227 1992 1256 2025 Ξ).
1282 1991 1413 2032 Idcirco,
1439 2002 1521 2032 cum,
1539 2002 1597 2035 pro
1621 1990 1815 2024 vindicandis
1839 1994 1881 2023 tot

1143 2045 1379 2087 gravaminibus
1396 2050 1427 2078 et
1443 2045 1565 2078 iniuriis
1583 2049 1707 2078 sanctae
1725 2044 1883 2077 Ecclesiae

1143 2099 1245 2139 illatis,
1263 2099 1372 2132 eadem
1392 2099 1569 2132 fraternitas
1593 2104 1655 2140 tua,
1670 2098 1753 2131 iuxta
1779 2108 1883 2132 sacro-

1143 2163 1213 2185 rum
1238 2163 1416 2193 canonum,
1448 2152 1718 2196 conciliorumque
1750 2152 1879 2185 univer—

1143 2207 1254 2239 salium
1284 2211 1313 2239 et
1344 2207 1604 2240 constitutionum
1639 2205 1882 2250 apostolicarum

1143 2260 1233 2294 etiam
1252 2260 1282 2292 in
1295 2259 1345 2292 die
1358 2260 1478 2293 Coenae
1492 2259 1616 2293 Domini
1640 2259 1702 2302 legi
1719 2259 1882 2292 solitarum

1142 2313 1442 2357 dispositionem,ad
1467 2323 1672 2346 censurarum
1698 2317 1728 2346 et
1758 2322 1883 2356 poena-

1142 2379 1211 2401 rum
1237 2367 1519 2401 ecclesiasticarum
1541 2372 1602 2399 tam
1629 2367 1659 2399 in
1688 2367 1732 2400 eis
1756 2365 1884 2399 inflicta-

1142 2432 1212 2455 rum
1248 2431 1342 2465 quam
1380 2431 1397 2453 a
1422 2426 1450 2454 te
1476 2421 1579 2454 forsan
1608 2420 1882 2464 promulgatarum

1141 2476 1410 2516 declarationem,
1441 2485 1476 2508 ac
1512 2474 1603 2507 etiam
1640 2474 1772 2507 aliarum
1809 2483 1883 2517 poc-

1141 2540 1253 2563 narum
1280 2529 1333 2574 tibi
1363 2529 1583 2562 benevisarum
1612 2527 1881 2567 fulminationem,

1142 2582 1436 2616 condemnationem
1462 2586 1491 2615 et
1511 2581 1786 2616 denunciationem
1809 2589 1880 2626 pro—

1898 259 1977 282 illatas.

1924 1997 2016 2025 {deoque
2032 2003 2079 2025 pos-

1898 2025 1924 2045 sit
1950 2025 1985 2046 ille
2009 2027 2080 2046 eontra

1898 2051 1983 2072 eosdem
2002 2051 2079 2078 ubique

1899 2079 1992 2099 locorum
2003 2083 2078 2104 auem
