2107 3142
0 205 42 232 Kn-
62 203 90 232 C.
109 204 176 233 ¹639

20 424 136 446 clausulae.

46 1483 175 1505 Obstantium

0 1507 111 1536 derogatio.

805 200 946 226 tirtamus
972 201 1028 226 vm
1052 201 1099 226 Pr.

190 249 319 284 servatis
341 248 542 294 processibus
568 258 718 282 censuras
750 253 780 282 et
809 258 926 292 poenas

190 304 271 347 ipsas
292 303 383 336 etiam
415 303 534 335 iteratis
560 302 679 335 vicibus
704 301 926 345 aggravando,

189 357 331 389 invocato
348 355 442 388 etiam
459 356 497 387 ad
514 356 582 397 hoc,
601 355 626 388 si
651 366 731 398 opus
755 355 858 396 fucrit,
876 365 927 387 au-

188 409 262 442 xilio
285 408 406 442 brachii
431 409 588 441 secularis.
614 409 821 442 Decerneutes
841 418 927 451 prae-

189 466 290 495 sentes
314 462 434 494 litteras
451 462 537 494 nullo
554 471 704 506 umquam
730 465 871 504 tempore
888 460 926 493 de
943 461 944 478 ³

189 514 398 558 subreptionis
431 514 477 546 vcl
515 513 709 557 obreptionis
744 513 842 553 vitio,
872 523 925 546 seu

188 567 368 601 intentionis
392 572 516 600 nostrae
541 567 681 607 defectu,
707 567 801 600 etiam
827 577 863 599 ex
889 577 926 599 eo

189 620 272 663 quod
303 620 335 652 in
366 620 548 664 praemissis
580 620 732 653 interesse
756 620 926 660 habentes,

189 673 236 706 vel
260 673 371 707 fratres
395 673 433 705 de
457 673 678 713 Observantia,
708 676 760 706 aut
784 673 926 716 quicum-

189 726 251 767 alii,
268 727 369 759 vocati
385 736 447 759 non
463 726 588 766 fuerint,
606 725 718 766 notari,
737 725 926 769 impugnari,

188 779 347 822 redargui,
363 779 501 822 infringi,
522 779 696 821 retractari,
723 783 775 811 aut
799 788 928 822 quomo-

190 832 306 866 dolibet
325 832 356 864 in
374 832 421 864 ius
442 832 489 865 vel
515 832 761 865 controversiam
786 831 928 864 revocari

190 883 316 929 posse¹;
334 884 386 917 sed
404 894 528 928 semper
546 889 576 917 et
591 889 745 929 perpetuo
763 884 879 917 validas
899 890 929 917 et

190 939 330 972 efficaces
347 938 479 971 existere
497 943 526 971 et
543 938 624 978 sore3
643 938 749 981 sicque
766 948 822 981 per
839 948 929 981 quos-

191 1002 324 1035 cumque
349 991 467 1024 iudices
491 991 669 1024 ordinarios
694 996 723 1023 et
747 991 927 1033 delegatos,

191 1046 283 1080 etiam
304 1055 468 1078 causarum
493 1045 599 1088 palatii
623 1044 787 1088 apostolici
812 1044 929 1077 audito-

191 1110 250 1142 res,
276 1109 311 1133 ac
335 1100 364 1134 S.
382 1100 416 1133 R.
435 1100 467 1132 E.
486 1099 669 1139 cardinales,
695 1099 816 1132 sublata
838 1099 882 1131 eis
899 1104 929 1131 et
945 1120 946 1142 ἰ

191 1162 300 1185 corum
326 1152 453 1185 cuilibet
476 1153 584 1195 quavis
606 1152 697 1185 aliter
721 1151 878 1185 iudicandi
899 1157 929 1185 et

191 1205 414 1249 interpretandi
433 1206 578 1238 facultate
598 1209 628 1239 et
647 1205 842 1245 auctoritate,
862 1205 930 1238 ubi-

191 1312 287 1345 ritum
323 1316 352 1346 et
387 1312 498 1352 inane,
530 1312 555 1344 si
586 1321 676 1344 secus
707 1322 803 1355 super
834 1311 883 1344 his
912 1322 928 1343 a

191 1375 358 1410 quoquam,
375 1365 484 1409 quavis
505 1365 700 1406 auctoritate,
721 1365 855 1398 scienter
881 1366 928 1398 vel

192 1419 383 1462 ignoranter,
406 1419 574 1462 contigerit
597 1419 751 1452 attentari⁴

236 1473 251 1516 ξ
275 1473 326 1506 11.
351 1473 418 1506 Non
443 1472 639 1506 obstantibus
664 1472 762 1505 felicis
787 1472 931 1505 recorda-

193 1526 285 1560 tionis
309 1526 457 1559 Bonifacii
483 1526 583 1569 Papae
605 1526 669 1558 Vlll
693 1526 810 1569 pariter
840 1536 930 1569 prae-

193 1579 366 1612 decessoris
389 1579 507 1619 nostri,
530 1589 587 1621 per
611 1589 703 1622 quam
729 1584 855 1612 cavetur
880 1590 931 1612 ex-

195 1642 323 1676 presse,
347 1641 386 1663 ne
414 1632 608 1675 professores
633 1631 783 1664 Ordinum
816 1632 949 1673 Mende,

180 1694 182 1696 ·
195 1684 330 1718 cantium
343 1684 410 1717 loca
424 1684 461 1716 ad
475 1684 687 1725 habitandum,
701 1685 818 1728 absque
831 1685 931 1718 dictae
948 1680 949 1699 *

195 1737 282 1771 Sedis
305 1737 429 1770 licentia
452 1737 577 1780 speciali
601 1742 630 1770 et
655 1738 693 1770 (le
718 1738 931 1781 prohibitione

194 1790 374 1823 huiusmodi
389 1800 567 1833 expressam
585 1790 774 1824 mentionem
789 1791 930 1833 faciente,

193 1842 355 1886 recipiant,
374 1849 403 1875 et
426 1843 464 1875 de
488 1844 560 1885 una,
579 1853 613 1876 ac
634 1843 757 1876 concilii
775 1845 930 1886 generalis

193 1949 290 1982 dietas
313 1949 424 1992 aliquis
448 1950 633 1983 auctoritate
660 1951 871 1994 praesentium
892 1951 930 1984 ad

194 2002 343 2036 iudicium
368 2013 431 2036 non
455 2004 605 2044 trabatur,
629 2004 759 2048 aliisque
784 2005 931 2038 constitu-

194 2055 328 2089 tionibus
353 2061 382 2088 ct
406 2056 655 2089 ordinationilms
680 2058 870 2101 apostolicis,
895 2069 930 2092 ac

194 2109 309 2142 nostris
332 2109 443 2143 litteris
457 2136 465 2151 ,
484 2120 565 2154 quae
589 2110 743 2154 incipiunt
766 2112 808 2145 In
828 2113 932 2146 cathe-

194 2162 254 2195 dra
279 2163 363 2196 beati
387 2162 476 2196 Petri
499 2163 718 2207 apostolorum
742 2165 927 2208 principis,

194 2215 231 2249 de
255 2225 336 2249 anno
360 2226 500 2250 Mucxxw
525 2217 685 2258 emanatis,
710 2228 745 2251 ac
769 2218 931 2261 quibusvis

194 2269 333 2303 eiusdem
351 2270 475 2304 Ordinis
496 2271 626 2305 fratrum
648 2272 802 2305 Minorum
819 2272 857 2305 de
874 2272 932 2305 01)-
947 2274 948 2286 ’

195 2323 358 2365 servantia,
377 2324 467 2357 etiam
489 2324 674 2365 iuramento,
693 2325 931 2359 confirmatione

195 2377 376 2421 apostolica,
397 2378 444 2410 vel
468 2378 576 2421 quavis
601 2378 748 2411 firmitate
766 2379 825 2413 alia
843 2379 932 2413 robo-

196 2430 285 2471 ratis,
310 2430 431 2464 statutis
460 2436 489 2464 et
515 2431 809 2473 consuctudinibus,
838 2433 930 2466 etiam

195 2493 252 2527 per
284 2483 396 2517 fratres
426 2483 633 2518 Discalceatos
664 2485 845 2519 huiusmodi
879 2496 931 2519 ac-

196 2537 335 2580 ceptatis,
353 2537 536 2581 praesertim
554 2539 764 2582 capitulorum
791 2550 846 2574 scu
863 2551 932 2574 con-

232 2599 243 2624 1
261 2597 377 2625 Verbum
389 2606 470 2634 posse
484 2607 532 2627 uos
547 2599 670 2628 addimus
685 2601 724 2636 (n.
741 2602 789 2635 τ.).

280 2652 358 2681 Bull.
377 2652 460 2681 Rom.
480 2667 514 2673 —-
532 2653 590 2681 Vol.
607 2653 666 2682 XV.
811 2654 828 2680 6

960 248 1179 292 gregationurn
1205 249 1410 292 generalium,
1435 248 1548 293 quibus
1572 253 1700 282 cavetur

961 312 1116 345 expresse,
1133 312 1171 334 ne
1188 302 1300 336 fratres
1318 302 1497 335 Discalceati
1518 301 1700 335 huiusmodi

960 354 1089 386 domum
1108 354 1245 397 aliquam
1263 355 1337 388 dicti
1359 365 1470 388 eorum
1490 354 1615 387 Ordinis
1634 354 1700 387 abs-

960 417 1021 450 que
1045 409 1192 450 expressa
1228 407 1353 440 licentia
1386 407 1513 451 capituli
1545 407 1700 450 generalis

961 465 1011 492 aut
1037 459 1117 492 infra
1141 460 1280 504 quinque
1304 460 1409 493 leucas
1426 471 1443 493 a
1459 460 1553 494 domo
1573 471 1698 494 eorum-

960 513 1031 546 dem
1056 513 1190 546 fratrum
1218 513 1373 546 Minorum
1402 513 1525 556 erigere
1549 513 1700 555 audeant,

961 566 1136 610 privilegiis
1156 576 1293 609 quoque,
1311 565 1439 598 indultis
1456 569 1485 599 et
1501 566 1611 600 litteris
1631 577 1702 610 apo-

961 619 1078 653 stolicis
1103 618 1204 652 eidem
1230 617 1338 652 Ordini
1363 619 1495 651 fratrum
1524 619 1700 660 Minorum,

962 671 1107 715 illiusque
1139 671 1354 715 superioribus
1379 676 1409 704 et
1431 671 1593 715 quibusvis
1621 672 1698 705 reli-

962 724 1058 768 giosis
1083 724 1348 768 particularibus,
1374 724 1507 767 aliisque
1536 725 1700 768 personis,

962 779 1020 811 sub
1036 778 1199 822 quibusvis
1217 777 1378 811 tenoribus
1395 781 1424 812 et
1439 777 1558 818 formis,
1576 788 1612 810 ac
1629 788 1700 811 cum

963 833 1124 876 quibusvis
1145 833 1237 865 etiam
1269 831 1542 875 derogatoriarum
1567 831 1701 874 deroga-

963 885 1069 926 toriis‚
1094 885 1224 929 aliisque
1249 884 1472 918 efficacissimis
1497 890 1526 917 et
1550 884 1701 927 insolitis,

963 938 1120 979 clausulis,
1145 938 1402 982 irritantibusque
1427 942 1456 970 et
1481 937 1549 970 aliis
1569 938 1702 971 decretis

963 992 994 1024 in
1018 1002 1133 1035 genere
1165 993 1212 1025 vel
1238 992 1269 1024 in
1294 992 1408 1035 specie,
1428 1002 1463 1024 ac
1483 992 1558 1024 alias
1578 992 1611 1024 in
1631 1002 1703 1025 con-

963 1046 1094 1078 trarium
1112 1046 1351 1090 quomodolibet
1368 1045 1615 1090 praemissorum
1633 1056 1704 1079 con-

963 1099 1078 1140 cessis,
1112 1099 1296 1143 approbatis
1321 1104 1351 1132 et
1383 1099 1557 1139 innovatisj.
1590 1100 1703 1143 quibus

963 1152 1121 1193 omnibus,
1139 1152 1260 1186 etiamsi
1285 1152 1323 1185 de
1349 1152 1409 1185 illis
1436 1162 1610 1196 eorumque
1630 1153 1703 1186 totis

945 1220 947 1244 t
964 1206 1124 1239 tenoribus
1150 1205 1303 1249 specialis,
1329 1205 1486 1250 specifica,
1506 1216 1654 1249 expressa
1675 1209 1705 1240 ct

190 1269 251 1303 que
282 1259 413 1292 iudicari
444 1264 474 1292 et
504 1258 629 1291 definiri
661 1258 793 1299 debere,
819 1269 855 1291 ac
879 1259 946 1290 ir-³

964 1259 1122 1291 individua
1146 1270 1181 1292 ac
1209 1259 1246 1291 de
1272 1259 1367 1292 verbo
1396 1259 1434 1291 ad
1463 1259 1616 1300 verbum,
1641 1270 1704 1293 non

963 1317 1067 1345 autem
1092 1323 1149 1356 per
1174 1313 1329 1345 clausulas
1354 1312 1515 1355 generales
1540 1313 1624 1346 idem
1648 1314 1704 1346 im-

945 1370 1145 1409 gportautes‚
1178 1365 1295 1399 mentio
1320 1376 1376 1399 seu
1404 1366 1531 1409 quaevis
1563 1367 1622 1399 alia
1652 1377 1705 1400 ex-

963 1419 1085 1462 pressio
1109 1419 1253 1452 habenda
1270 1425 1323 1452 aut
1343 1420 1448 1464 aliqua
1474 1420 1534 1452 alia
1550 1420 1703 1464 exquisita

964 1473 1064 1505 forma
1083 1472 1122 1505 ad
1142 1473 1201 1506 boc
1222 1472 1374 1505 servanda
1398 1473 1488 1514 foret,
1504 1478 1630 1506 tenores
1647 1473 1704 1506 hu-

964 1526 1109 1567 iusmodi,
1127 1536 1162 1559 ac
1184 1526 1208 1558 si
1228 1526 1266 1559 de
1284 1526 1380 1559 verbo
1406 1527 1443 1559 ad
1468 1527 1610 1567 verbum,
1627 1527 1704 1559 nihil

964 1579 1088 1623 penitus
1113 1580 1230 1613 omisso
1261 1585 1291 1612 et
1323 1580 1425 1612 forma
1450 1579 1481 1612 in
1505 1580 1566 1613 illis
1592 1580 1704 1614 tradita

965 1632 1138 1674 observata,
1158 1632 1411 1676 exprimerentur
1430 1637 1460 1665 et
1480 1633 1703 1674 insererentur,

965 1685 1183 1728 praesentibus
1200 1696 1258 1728 pro
1279 1686 1368 1729 plene
1394 1690 1423 1718 et
1447 1685 1639 1718 sufficienter
1655 1696 1705 1719 ex-

964 1738 1081 1781 pressis
1105 1742 1134 1772 et
1159 1738 1283 1771 insertis
1308 1739 1471 1779 habentes,
1490 1739 1550 1772 illis
1574 1739 1650 1772 alias
1674 1739 1705 1772 iu

965 1801 1021 1823 suo
1036 1791 1150 1824 robore
1162 1792 1389 1834 permansuris,
1403 1792 1442 1824 ad
1455 1792 1705 1835 praemissorum

947 1843 1121 1885 veffectum,
1147 1844 1323 1879 siecialiter
1348 1850 1377 1877 et
1401 1856 1436 1878 ex
1464 1855 1549 1878 resse
1574 1845 1706 1879 dei-ooa-

193 1896 232 1929 de
263 1895 385 1929 duabus
416 1895 528 1937 dietis,
553 1896 723 1930 dummodo
755 1898 837 1930 ultra
867 1884 948 1931 tres*
1162 1856 1173 1888 l
1441 1856 1460 1889 p
1654 1872 1671 1889 D

965 1908 1049 1937 mus;
1068 1899 1242 1942 ceterisque
1258 1898 1423 1931 contrariis
1439 1899 1691 1942 quibuscumque
1698 1911 1705 1939 ;

946 1947 1017 1999 {aut
1042 1950 1066 1983 si
1093 1950 1237 1983 ministro
1267 1956 1297 1983 ct
1326 1950 1543 1984 commissario
1574 1961 1706 1994 genera-

964 2003 1045 2036 libus
1061 2031 1068 2044 ,
1092 2009 1144 2035 aut
1175 2003 1325 2037 fratribus
1357 2004 1431 2037 dieti
1457 2004 1580 2038 Ordinis
1608 2004 1706 2038 lilino-

947 2067 1034 2097 ¹rum
1060 2057 1097 2089 de
1123 2057 1335 2100 Obscrvantia,
1361 2067 1417 2090 seu
1440 2057 1603 2102 quibusvis
1627 2057 1706 2097 aliis,

965 2111 1175 2144 communiter
1207 2112 1252 2143 vcl
1287 2111 1428 2151 divisim,
1460 2111 1499 2143 ab
1531 2111 1639 2144 eadem
1667 2111 1707 2144 sit

947 2165 1042 2198 ¹Sede
1068 2164 1232 2207 indultum,
1258 2165 1341 2209 quod
1366 2164 1522 2205 interdici,
1547 2164 1705 2208 suspendi,

965 2218 1012 2251 vel
1038 2218 1303 2252 excommunicari
1329 2226 1393 2251 non
1416 2218 1538 2262 possint
1567 2228 1624 2261 per
1655 2217 1705 2249 lit-

965 2276 1048 2305 teras
1064 2272 1252 2316 apostolicas
1276 2281 1340 2305 non
1363 2271 1511 2304 facientes
1531 2271 1657 2314 plenam
1675 2274 1706 2302 et

948 2335 1145 2369 ¹expressam
1177 2335 1212 2358 ac
1245 2325 1283 2358 de
1316 2325 1411 2358 verbo
1440 2324 1478 2357 ad
1503 2323 1635 2356 verbum
1666 2322 1704 2355 de

965 2379 1085 2413 indulto
1109 2378 1291 2412 huiusmodi
1316 2378 1516 2411 mentionem.

1010 2433 1025 2476 ἓ
1042 2431 1091 2465 102.
1109 2432 1265 2473 Ceterum,
1283 2431 1356 2475 quia
1372 2430 1498 2464 difficile
1517 2430 1597 2463 foret
1616 2439 1705 2474 prae-

966 2491 1067 2520 sentes
1092 2485 1210 2520 litteras
1234 2485 1272 2518 ad
1297 2484 1418 2527 singula
1449 2492 1591 2527 quaeque
1618 2483 1704 2523 loca,

965 2539 1020 2573 ubi
1051 2549 1177 2572 necesse
1207 2538 1315 2578 fuerit,
1344 2536 1477 2577 deferri,
1501 2536 1645 2569 volumus
1675 2540 1705 2567 ct

966 2593 1048 2627 dicta
1071 2592 1253 2627 auctoritate
1278 2590 1492 2632 decernimus,
1515 2589 1600 2634 quod
1624 2594 1705 2623 tran-

1623 189 1661 225 41
1712 201 1760 228 Au.
1782 200 1810 228 c.
1829 198 1895 228 1639

1760 2435 1904 2462 Transumptie

1720 2463 1791 2484 danda
1805 2462 1863 2484 tides.
