2107 3142
0 242 86 271 tusc.
104 236 172 268 16⁴0

30 1988 93 2015 quue
109 1989 178 2009 decla-

0 2016 57 2036 randi
65 2016 132 2036 eidem
139 2015 179 2035 col-

0 2041 70 2062 lectori
88 2044 178 2068 potesta-

0 2070 39 2089 tem
54 2068 133 2089 tribuit.

47 2412 72 2432 Et
86 2411 112 2432 ad
127 2412 181 2431 tinne

3 2438 95 2459 effectum
139 2444 181 2464 ipse

2 2464 96 2485 Pontifex
118 2470 181 2490 quae-

2 2495 47 2512 cum
63 2497 89 2512 ue
129 2491 183 2511 tollit

3 2517 53 2544 priv'
64 2518 117 2543 effia.

788 238 929 263 URBANUS
954 238 1011 262 vm
1030 239 1078 263 PP.

185 281 460 323 consistorialiter,
486 289 516 320 et
539 287 631 319 etiam
657 296 714 330 per
739 287 819 319 viam
844 287 920 330 legis

184 340 348 384 generalis,
361 350 397 373 ac
413 340 488 372 alias
512 349 713 383 quocumque
737 339 798 372 alio
816 340 920 382 modo,

185 394 289 434 causa,
304 393 353 425 via
365 397 395 425 et
408 392 476 425 iure
490 402 711 426 concessorum
737 397 764 425 et
786 393 922 435 quando-

186 456 320 490 cumque
344 451 572 486 emanatorum‚
589 455 624 478 ac
639 445 731 478 etiam
758 446 875 488 pluries
893 451 922 478 et

185 498 304 532 iteratis
318 498 437 531 vicibus
447 498 705 532 confirmatorum
721 503 750 530 et
764 498 922 531 innovato-

185 563 266 592 rum,
280 551 399 592 missas,
416 551 509 584 etiam
524 551 671 594 privatas,
685 551 807 594 aliaque
819 550 922 583 divina

186 603 339 637 celebrari
364 604 465 636 facere
490 604 536 635 vel
562 603 755 647 permittere,
779 603 871 636 etiam
892 604 921 635 in

185 657 338 697 claustris,
362 657 579 700 hospitalibus,
604 656 743 699 grangiis
759 661 789 689 et
806 656 921 700 depen-

184 710 340 751 dentibus,
357 716 387 742 et
405 710 473 742 aliis
497 710 749 753 quibuscumque
766 710 853 751 locis,
875 719 922 743 eo-

185 772 318 805 rumque
343 762 541 795 monasteriis
567 767 596 794 et
618 762 765 795 domibus
797 762 921 804 regula-

185 814 274 847 ribus
297 814 536 859 quomodolibet
558 814 697 854 annexis,
717 825 752 847 ac
777 815 922 847 oratoriis

184 867 231 899 rel
256 867 454 907 eremitoriis,
480 877 515 899 ac
533 868 608 899 alias
624 867 922 910 quomodocumque

184 919 381 963 nuncupatis,
394 920 571 952 nullatenus
595 920 734 963 potuisse
754 930 811 953 nec
833 920 864 952 in
881 920 924 952 fu—

186 979 289 1005 turum
325 983 419 1016 posse
450 973 668 1013 declaramus,
694 979 743 1014 et,
770 978 923 1017 quatenus

185 1035 263 1068 opus
288 1025 367 1058 foret
391 1026 448 1068 (ita
464 1031 498 1058 ut
522 1026 626 1058 nullus
644 1035 701 1058 nec
717 1026 811 1058 etiam
829 1026 922 1059 iidem

186 1078 348 1120 regulares
372 1078 522 1111 hactenus
547 1079 719 1121 potuerint,
735 1088 792 1111 nec
812 1078 843 1110 in
871 1088 925 1121 po·

186 1135 303 1163 sterum
329 1131 464 1174 possint,
497 1131 606 1163 altaria
631 1131 660 1163 in
685 1141 796 1164 eorum
821 1141 926 1164 mona·

186 1183 352 1217 stet-iorum
384 1194 440 1216 seu
473 1184 640 1217 domorum
672 1185 866 1227 regularium
896 1189 926 1217 et

186 1238 328 1270 locorum
361 1238 504 1270 claustris
536 1238 583 1270 vel
615 1238 687 1270 alibi
713 1238 837 1280 erigere
871 1249 925 1271 seu

188 1291 266 1333 erigi
291 1291 405 1331 facere,
431 1291 592 1334 multoque
616 1291 718 1324 minus
743 1292 773 1324 in
798 1292 852 1332 eis,
869 1302 926 1325 nec

188 1343 218 1375 in
242 1349 332 1376 antea
356 1344 483 1383 erectis,
508 1344 669 1377 celebrare
694 1355 748 1377 seu
774 1345 926 1377 celebrari

188 1396 290 1429 facere
314 1402 367 1429 aut
391 1397 590 1440 permittere,
614 1397 779 1431 interdicto
804 1408 857 1430 seu
883 1398 927 1430 in-

188 1449 338 1489 terdictis,
349 1450 412 1482 sive
430 1450 629 1492 generalibus
643 1456 673 1483 et
686 1451 926 1490 universalibus,

189 1503 253 1535 sive
277 1503 498 1546 personalibus
523 1509 552 1536 et
577 1503 745 1543 localibus,
771 1515 825 1536 seu
856 1505 928 1536 altc-

190 1556 255 1588 rius
279 1556 505 1599 cuiuscumque
530 1556 655 1599 generis
680 1562 709 1589 et
726 1557 853 1600 speciei,
871 1568 927 1600 pci-

190 1608 330 1641 eamdem
363 1608 588 1642 fraternitatem
617 1614 702 1641 tuam
732 1609 842 1652 positis
875 1610 928 1641 ha-

191 1667 320 1702 ctenus,
346 1671 401 1693 seu
434 1662 639 1704 imposterum
664 1662 927 1705 quandocumque

192 1714 284 1746 etiam
303 1724 339 1746 ex
360 1724 557 1757 quacumque
582 1716 676 1746 causa
695 1715 858 1757 ponendis,
874 1715 929 1747 du-

193 1768 343 1806 rantibus,
357 1767 526 1800 ullomodo
540 1778 594 1800 seu
606 1773 766 1810 praetextu
783 1769 928 1810 valcant),

193 1820 373 1852 earumdem
406 1825 514 1853 tenore
546 1821 756 1863 praesentium
790 1821 929 1853 districte

193 1873 370 1906 inhibemus
395 1879 425 1906 et
450 1873 617 1905 inhibitum
643 1879 732 1906 antea
757 1874 855 1907 fuisse
881 1874 929 1906 de-

193 1926 389 1959 nunciamus.

242 1981 256 2022 §
275 1980 304 2012 4.
329 1980 458 2023 Tibique
482 1980 615 2013 similem
636 1981 882 2024 prohibitionem
901 1987 927 2013 et

193 2033 446 2066 declarationem¹
459 2034 589 2066 faciendi
603 2039 628 2066 et
644 2034 862 2077 promulgandi
873 2034 930 2066 sub

194 2086 335 2119 censuris
355 2092 385 2118 et
409 2087 517 2129 poenis
543 2087 597 2118 tibi
623 2086 776 2119 benevisis
805 2087 929 2130 plenam

195 2144 224 2173 et
244 2140 379 2182 amplam
405 2140 581 2171 facultatem
608 2140 826 2183 impertimur,
851 2150 931 2172 eam-

194 2192 328 2235 demque
360 2192 534 2225 facultatem
567 2192 738 2235 derogandi
773 2199 802 2225 et
837 2194 930 2225 dero-

195 2245 352 2286 gationem
385 2250 414 2277 et
444 2245 686 2287 prohibitionem
719 2246 778 2277 sub
814 2246 930 2278 eisdem

196 2298 337 2330 censuris
362 2298 492 2330 faciendi
524 2303 614 2330 autea
643 2299 698 2331 tibi
733 2299 932 2342 competiisse

196 2351 400 2383 declaramus.

241 2404 256 2446 ἓ
279 2403 308 2435 5
334 2404 395 2436 Nos
419 2404 502 2436 enim
523 2405 668 2437 omnibus
687 2410 716 2437 et
733 2405 934 2448 quibuscum-

197 2466 257 2498 que
282 2456 494 2499 praefatorum
529 2458 721 2499 regularium
752 2463 781 2490 et
811 2458 933 2490 confra-

197 2509 378 2543 ternitatum
403 2510 575 2553 privilegiis
606 2516 635 2542 et
668 2511 815 2551 indultis,
840 2511 932 2543 ctiam

233 2583 244 2606 1
267 2580 377 2608 Videtur
401 2580 542 2616 legendum
567 2582 779 2617 deroqaeionem
809 2590 856 2617 pro
884 2582 932 2608 de-

198 2625 386 2653 clarationem
405 2627 441 2661 (a.
461 2627 508 2660 τ.).

956 287 986 318 in
1011 296 1145 329 corpore.
1170 287 1245 320 iuris
1270 287 1393 327 clausis,
1418 287 1510 319 etiam
1538 287 1568 319 in
1586 296 1689 319 mona-

955 339 1121 371 steriorum
1148 343 1175 372 ct
1200 340 1367 373 domorum
1389 340 1571 373 eorumdem
1601 350 1690 383 regu-

955 392 1068 424 larium
1094 392 1335 433 fundationibus,
1361 393 1572 427 erectionibus
1592 398 1622 426 et
1638 392 1690 426 do-

955 444 1132 486 tationibus,
1158 455 1193 478 ac
1217 447 1363 489 praefatis
1388 452 1417 479 et
1441 447 1602 490 quibusvis
1621 446 1690 478 aliis

955 497 1071 540 regnis,
1097 498 1283 539 civitatibus,
1301 500 1433 542 oppidis,
1455 500 1574 540 castris,
1598 499 1691 532 terris

955 555 985 582 et
1008 549 1084 583 locis
1109 550 1201 582 etiam
1220 561 1255 583 ex
1273 562 1469 596 quacumque
1488 554 1580 585 causa
1597 562 1691 595 quan-

955 602 1069 635 tumvis
1094 602 1254 635 favorabili
1280 609 1309 636 et
1333 606 1476 644 onerosa,
1500 605 1591 638 etiam
1617 615 1691 638 con-

955 655 1157 699 templatione
1182 666 1217 688 ac
1241 656 1278 688 ad
1304 657 1561 700 supplicationem
1596 658 1692 701 impe-

956 708 1078 749 ratoris,
1105 718 1214 751 regum
1232 714 1258 741 et
1274 709 1451 753 principum
1472 721 1692 753 quorumcum-

955 771 1016 804 que
1041 762 1209 801 concessis,
1234 762 1428 795 consirmatis
1447 768 1476 795 et
1494 763 1646 796 innovatis
1663 769 1690 795 et

955 815 1191 858 quomodolibet
1216 816 1375 856 emanatis,
1400 816 1502 859 quoad
1522 816 1691 860 praefatam

956 868 1200 900 celebrationem
1226 868 1391 901 missarum
1411 875 1439 901 et
1456 869 1632 902 divinorum
1648 869 1692 901 in-

957 921 1088 954 terdicto
1114 931 1169 953 seu
1193 921 1365 955 interdictis
1386 922 1533 965 praefatis
1557 922 1694 955 duranti-

956 973 1024 1013 bus,
1043 974 1169 1006 illorum
1187 974 1327 1007 omnium
1347 980 1376 1007 et
1393 975 1589 1017 singulorum
1611 980 1694 1007 teno-

957 1037 1006 1059 res
1031 1027 1248 1070 praesentibus
1272 1039 1330 1071 pro
1354 1029 1444 1071 plene
1459 1034 1488 1061 et
1503 1028 1693 1061 sufficienter

957 1081 1114 1123 expressis
1127 1091 1162 1113 ac
1175 1081 1213 1113 de
1227 1081 1323 1113 verbo
1348 1081 1385 1113 ad
1410 1082 1541 1114 verbum
1570 1081 1694 1114 insertis

958 1133 1119 1173 habentes,
1144 1133 1325 1177 plenissime
1350 1134 1549 1177 derogamus,
1573 1143 1694 1166 necnon

959 1186 1144 1219 fraternitati
1181 1192 1250 1219 tuae
1286 1187 1428 1220 eamdem
1458 1188 1693 1230 derogationem

960 1239 1102 1278 faciendi,
1121 1245 1150 1272 et
1167 1240 1197 1272 in
1214 1240 1280 1273 eius
1305 1241 1438 1273 decretis
1463 1245 1492 1272 et
1516 1240 1625 1273 edictis
1647 1250 1696 1283 ap-

960 1292 1096 1335 ponendi
1122 1302 1176 1325 seu
1197 1293 1349 1334 addendi,
1375 1293 1412 1326 ad
1436 1293 1695 1326 abundantiorem

960 1346 1125 1386 cautelam,
1152 1346 1329 1380 facultatem
1355 1347 1532 1379 tribuimus

1004 1398 1018 1441 ξ
1043 1398 1071 1430 6.
1097 1399 1305 1433 Decernentes
1330 1406 1512 1444 praesentes
1531 1400 1650 1434 litteras
1667 1406 1697 1432 ct

960 1451 991 1483 in
1016 1452 1060 1484 eis
1084 1457 1229 1485 contenta
1250 1463 1468 1497 quaecumque
1495 1453 1586 1486 etiam
1607 1464 1642 1486 cx
1661 1464 1697 1486 eo

960 1504 1044 1547 quod
1059 1505 1221 1547 regulares
1235 1511 1265 1538 et
1278 1506 1329 1538 alii
1351 1507 1491 1549 praefati,
1510 1516 1544 1539 ac
1558 1506 1697 1549 quicum-

960 1567 1020 1600 que
1044 1557 1095 1590 alii
1121 1558 1151 1590 iu
1176 1559 1358 1602 praemissis
1378 1560 1529 1591 interesse
1548 1559 1697 1591 babentes

961 1620 1015 1642 seu
1046 1610 1162 1643 babere
1187 1611 1423 1654 quomodolibet
1441 1611 1695 1654 praetendentes,

961 1663 1021 1694 illis
1045 1673 1107 1695 non
1132 1664 1357 1703 consenserint,
1383 1673 1439 1696 nec
1464 1663 1502 1695 ad
1520 1673 1555 1696 ea
1579 1664 1697 1701 vocati,

961 1716 1044 1748 citati
1071 1720 1100 1749 et
1124 1716 1238 1757 auditi,
1264 1726 1438 1759 causaeque
1462 1721 1592 1759 propter
1621 1726 1698 1759 quas

962 1768 1014 1800 illa
1037 1774 1222 1801 emanarunt
1241 1769 1402 1809 adductae,
1421 1779 1475 1801 scu
1493 1769 1585 1801 etiam
1602 1769 1700 1801 nulla-

963 1826 1052 1854 tenus
1077 1821 1261 1855 iustificatae
1286 1821 1410 1863 suerint,
1431 1821 1469 1854 de
1490 1821 1699 1864 subreptionis

962 1880 1015 1907 aut
1049 1875 1243 1918 obreptionis
1276 1876 1322 1908 vcl
1356 1876 1506 1908 nullitatis
1536 1875 1697 1908 cuiuslibet

964 1928 1037 1961 vitio
1062 1934 1114 1960 aut
1138 1928 1317 1961 intentionis
1345 1934 1470 1961 nostrae
1489 1929 1534 1962 vel
1553 1939 1700 1972 quocum-

963 1992 1023 2025 que
1048 1982 1109 2014 alio
1137 1982 1336 2024 quantumvis
1361 1982 1554 2014 substantiali
1579 1982 1699 2014 defectu

964 2045 1018 2067 scu
1039 2045 1074 2067 cx
1099 2045 1297 2078 quacumque
1314 2035 1375 2067 alia
1395 2037 1498 2075 causa,
1523 2035 1629 2068 colore
1646 2044 1700 2067 seu

965 2093 1139 2131 praetextu,
1160 2088 1253 2120 etiam
1268 2088 1406 2120 enormis
1423 2093 1452 2120 et
1465 2087 1700 2121 enormissimau

965 2141 1120 2181 laesionis,
1145 2141 1256 2180 notari,
1273 2141 1461 2184 impugnari,
1481 2140 1634 2184 impediri,
1656 2150 1700 2172 rc

965 2193 1075 2235 dargui
1091 2220 1097 2233 ,
1123 2193 1260 2233 limitari,
1286 2193 1430 2234 rescindi,
1452 2193 1588 2235 infringi,
1606 2192 1636 2224 in
1654 2193 1700 2223 ius

966 2247 1012 2278 vel
1038 2246 1285 2279 controversiam
1304 2247 1455 2285 revocari,
1472 2251 1525 2278 aut
1553 2245 1701 2278 adversus

967 2299 1018 2331 illa
1044 2299 1250 2331 restitutionis
1276 2299 1306 2330 in
1332 2299 1500 2341 integrum,
1521 2297 1700 2341 aperitionis

966 2352 1047 2391 oris,
1073 2352 1119 2383 vcl
1144 2352 1365 2395 quodcumque
1389 2351 1472 2383 aliud
1497 2351 1583 2389 iuris,
1608 2350 1700 2387 facti,

966 2405 1084 2446 gratiae
1109 2405 1155 2437 vel
1181 2405 1315 2437 iustitiae
1339 2404 1513 2436 remedium
1528 2403 1699 2446 impetrari,

966 2463 1018 2490 aut
1041 2458 1134 2490 etiam
1159 2461 1255 2497 motu,
1281 2457 1408 2490 scientia
1433 2462 1462 2489 et
1487 2459 1637 2499 potestate
1662 2456 1702 2487 si-

967 2510 1092 2543 milibus
1124 2520 1273 2543 concesso
1304 2508 1484 2552 quempiam
1520 2509 1551 2540 in
1587 2507 1701 2540 iudicio

967 2563 1012 2595 vel
1038 2567 1124 2596 extra
1157 2563 1231 2595 illud
1268 2562 1309 2593 uti
1347 2562 1475 2593 minime
1506 2571 1618 2604 posse,
1648 2561 1701 2594 sed

965 2616 1090 2649 easdem
1116 2620 1306 2660 praesenteS,
1333 2625 1403 2648 cum
1423 2615 1568 2648 omnibus
1589 2620 1618 2647 et
1642 2615 1702 2648 sin*

1617 229 1656 261 77
1704 238 1752 264 An.
1769 237 1796 264 C.
1819 237 1887 264 1640

1739 1408 1856 1428 Clausulae.
