2107 3142
174 129 223 155 Au.
240 129 268 156 C.
286 128 359 156 1653

199 453 316 479 Supprimit
331 453 358 473 ti-

172 482 357 531 lifwilllffcsfflssi
372 494 546 527 nerabilem
571 494 701 526 fratrem
727 493 915 526 modernum
937 493 1119 537 episcopum

173 538 357 604 {liffessumpgiiggj
373 546 612 580 Cracovienscm
639 551 669 579 et
692 546 824 579 dilectos
852 546 934 579 filios
963 551 1119 579 rectorem

173 591 266 633 ἶιῗέἶῖἑῗ.
308 591 358 612 Μ’

406 119 471 152 740

417 177 535 210 dilorio
565 186 663 219 super
692 175 921 208 iurisdictione
951 178 980 207 et
1011 184 1117 207 emem-

416 228 554 273 ptione¹.

568 307 767 335 Innocentius
789 307 869 341 Papa
888 307 921 340 X,

515 362 553 388 ad
572 361 707 388 futuram
727 362 772 388 rei
791 360 974 388 memoriam.

417 442 432 484 ξ
457 441 486 474 Ἰ.
512 441 599 481 Cum,
628 441 709 473 sicut
736 440 927 484 accepimus,
957 440 1040 472 inter
1068 450 1119 472 ve-

373 606 404 633 ct
428 601 506 634 alios
526 599 741 633 universitatis
772 599 867 632 studii
888 599 1045 642 generalis
1065 609 1121 632 seu

373 653 553 687 academiae
580 652 721 685 eiusdem
753 653 887 685 civitatis
906 652 1121 686 Cracoviensis

373 718 470 751 super
495 706 693 750 exemptione
711 716 728 738 a
745 705 962 739 iurisdictione
979 705 1119 738 eiusdem

374 759 524 804 episcopi,
546 759 678 803 aliisque
703 759 855 799 articulis,
881 759 912 791 in
937 768 1028 791 sacro
1053 759 1118 791 Ro-

373 819 423 846 tae
448 822 599 846 romanae
623 812 781 845 auditorio
805 812 941 856 pendeat
965 811 1120 845 indecisa:

373 877 442 906 nos,
460 866 692 899 controversias
716 866 966 910 praemissorum
986 865 1122 898 occasio-

373 930 411 952 ne
430 925 554 952 exortas
575 919 766 962 apostolicae
782 918 972 962 provisionis
995 924 1122 951 nostrae

374 971 473 1016 opera
494 972 601 1016 sopire
621 978 650 1005 et
666 983 706 1005 ne
723 972 754 1004 in
775 972 931 1005 recidivae
952 972 1123 1005 contentio-

373 1027 422 1059 nis
441 1027 627 1070 scrupulum
657 1026 840 1059 relabantur
858 1031 1036 1070 opportune
1052 1037 1123 1070 pro-

375 1080 482 1113 videre
499 1081 648 1121 volentes,
667 1091 703 1113 ac
720 1080 917 1124 praedictum
935 1080 1121 1124 episcopum

375 1144 391 1165 a
416 1134 579 1177 quibusvis
604 1133 963 1172 excommunicationis,
989 1143 1121 1176 suspen-

375 1187 472 1219 sionis
497 1192 527 1219 et
551 1186 721 1226 interdicti,
745 1186 878 1230 aliisque
903 1186 1123 1219 ecclesiasticis

375 1239 549 1279 sententiis,
574 1239 716 1272 censuris
741 1245 772 1272 et
795 1240 915 1282 poenis,
940 1250 957 1271 a
981 1238 1050 1271 iure
1074 1240 1120 1271 vel

374 1293 413 1324 ab
444 1293 594 1333 homine,
619 1292 728 1336 quavis
756 1292 922 1325 occasione
951 1292 999 1324 vcl
1028 1293 1121 1324 eausa

376 1345 466 1384 latis,
493 1345 517 1377 si
543 1345 657 1389 quibus
685 1345 926 1388 quomodolibet
955 1344 1122 1377 innodatus

376 1398 489 1439 existit,
507 1399 545 1430 ad
562 1398 708 1430 effectum
728 1398 941 1441 praesentium
963 1397 1123 1429 dumtaxat

375 1451 633 1495 consequendum
648 1478 655 1491 ,
681 1451 795 1483 harum
820 1451 902 1483 serie
925 1450 1123 1483 absolventes

375 1511 406 1538 ct
435 1506 615 1538 absolutum
652 1505 719 1538 sore
756 1510 940 1545 censentes,
973 1504 1123 1547 litemque

374 1559 579 1599 huiusmodi,
608 1559 756 1602 illiusque
785 1564 899 1591 statum
930 1563 960 1591 et
990 1558 1122 1600 merita,

375 1613 568 1657 nominaque
588 1617 619 1646 et
638 1613 829 1656 cognomina
853 1612 993 1645 iudicum
1014 1618 1043 1645 et
1064 1613 1124 1646 col-

375 1667 577 1710 litigantium‚
602 1667 724 1711 aliaque
751 1667 845 1700 ctiam
871 1667 1050 1700 necessario
1076 1677 1124 1700 cx-

377 1720 554 1764 primenda,
571 1720 790 1764 praesentibus
811 1731 870 1764 pro
893 1721 1051 1764 expressis
1069 1721 1123 1752 ba-

377 1773 497 1814 bentes,
522 1773 560 1806 de
584 1774 812 1806 nonnullorum
834 1774 862 1806 S.
881 1774 915 1806 R.
934 1774 967 1806 Ε.
986 1773 1125 1806 cardina-

376 1827 465 1868 lium,
484 1827 598 1871 quibus
623 1828 683 1861 hoc
707 1828 870 1871 negotium
892 1828 1124 1861 discutiendum

377 1880 598 1913 commisimus
619 1881 761 1922 consilio,
778 1881 864 1913 litem
886 1881 1079 1923 huiusmodi,
1094 1882 1124 1913 in

377 1939 459 1966 statu
485 1940 515 1966 et
539 1935 682 1967 terminis
704 1935 735 1967 in
761 1935 876 1978 quibus
901 1935 1059 1978 reperitur
1087 1935 1124 1967 ad

376 1997 538 2030 praesens,
564 1987 602 2019 ab
626 1988 785 2021 auditorio
810 1988 993 2021 huiusmodi
1010 1987 1048 2020 ad
1068 1997 1125 2021 nos

378 2040 492 2072 harum
519 2041 600 2073 serie
625 2046 802 2082 avocantes,
826 2042 923 2082 illam,
939 2041 1124 2074 auctoritate

379 2094 563 2137 apostoliea,
584 2099 694 2128 tenore
718 2096 944 2138 praesentium,
958 2095 1125 2139 supprimi-

380 2158 451 2180 mus
475 2148 600 2191 penitus
624 2153 655 2181 et
680 2148 900 2191 extinguimus,
926 2153 1125 2192 perpetuum-

379 2211 440 2243 que
476 2200 632 2233 iudicibus
668 2211 704 2233 ac
732 2201 857 2245 utrique
884 2202 965 2245 parti
990 2201 1125 2245 desuper

379 2253 539 2286 silentium
565 2254 769 2298 imponimus,
798 2264 922 2288 necnon
949 2254 1121 2287 auctorita-

379 2311 444 2339 tem
473 2312 503 2339 et
532 2307 782 2341 iurisdictionem
811 2308 953 2341 eiusdem
982 2308 1124 2352 episcopi

380 2359 594 2393 Craeoviensis
611 2361 642 2393 in
660 2361 697 2393 iis
721 2361 869 2394 omnibus
893 2361 925 2393 in
950 2362 1063 2405 quibus
1087 2372 1123 2394 cx

380 2413 482 2446 forma
506 2415 766 2449 constitutionum
791 2415 1037 2460 apostolicarum
1069 2425 1123 2449 seu

421 2530 428 2555 l
450 2528 485 2555 Ex
502 2529 609 2564 angust.
627 2530 652 2557 in
668 2531 772 2558 Secret.
790 2532 870 2559 Brev.

960 127 1138 150 BULLAan
1160 127 1314 150 ROMAM'M

1153 183 1188 205 ex
1215 173 1422 216 dispositione
1446 179 1634 208 statutorum
1664 175 1805 208 eiusdem
1829 175 1900 208 uni-

1151 226 1307 259 vcrsitatis
1341 237 1397 260 seu
1437 227 1615 261 academiae
1647 239 1664 261 a
1698 228 1778 262 Sede
1810 229 1896 272 Apo-

1152 279 1262 312 stolica
1293 279 1575 321 confirmatorum,
1605 282 1653 314 vel
1686 291 1722 314 ex
1756 281 1898 324 legitima

1152 332 1381 366 consuetudine
1409 344 1465 366 seu
1481 334 1731 378 praescriptione
1751 335 1795 367 illi
1816 345 1900 368 com-

1153 390 1259 428 petere
1284 386 1378 427 valet‚
1399 392 1428 419 et
1452 387 1630 431 specialiter
1654 388 1685 420 in
1708 388 1898 422 admissione

1153 439 1368 482 professorum
1395 440 1433 472 ad
1463 441 1718 484 respondendum
1744 452 1803 485 pro
1828 441 1898 474 loco

1154 493 1217 524 una
1251 503 1322 525 cum
1358 499 1483 526 rectore
1505 499 1535 526 et
1559 494 1685 527 decanis
1715 494 1899 527 facultatum

1155 545 1368 579 universitatis
1399 557 1454 579 seu
1490 547 1670 580 academiae
1697 546 1899 590 praedictae,

1155 599 1342 632 auctoritate
1366 605 1396 632 ct
1421 605 1529 633 tenore
1549 600 1718 643 praedietis
1736 600 1901 633 confirma-

1155 662 1225 684 mus
1251 655 1281 686 et
1305 652 1534 696 approbamus,
1560 653 1684 696 illisque
1709 652 1900 685 inviolabilis

1155 706 1346 748 apostolicae
1372 706 1529 739 firmitatis
1554 706 1653 739 robur
1666 705 1842 746 adiieimus,
1860 711 1899 746 et,

1155 765 1309 802 quatenus
1329 770 1408 803 opus
1433 760 1480 802 sit,
1495 760 1596 793 eidem
1621 760 1773 804 episcopo
1792 759 1901 793 Craco-

1156 812 1253 845 viensi
1279 813 1498 846 auctoritatem
1524 818 1554 848 ct
1578 813 1827 846 iurisdictionem
1847 813 1902 845 lm-

1155 865 1291 898 iusmodi
1324 866 1362 899 de
1395 877 1477 900 novo
1509 867 1679 899 tribuimus
1704 872 1734 899 et
1759 866 1899 910 imperti-

1156 930 1244 959 mur;
1272 920 1381 963 sicque
1406 925 1435 952 ct
1459 930 1522 953 non
1547 920 1638 953 aliter
1656 931 1714 963 per
1731 930 1901 962 quoscum-

1156 983 1216 1016 que
1238 973 1357 1006 iudices
1377 973 1555 1006 ordinarios
1573 979 1603 1006 et
1619 973 1789 1016 delegatos,
1807 972 1899 1005 etiam

1156 1036 1323 1059 causarum
1350 1026 1456 1070 palatii
1482 1026 1643 1070 apostolici
1670 1026 1840 1066 auditores,
1865 1036 1900 1057 ac

1157 1080 1185 1113 S.
1213 1081 1246 1113 P..
1273 1081 1306 1113 E.
1333 1080 1526 1121 cardinales,
1551 1081 1645 1114 etiam
1671 1080 1709 1113 de
1735 1080 1831 1112 latere
1857 1080 1901 1112 le-

1156 1139 1246 1176 gatos
1271 1138 1301 1168 ct
1324 1134 1412 1167 Sedis
1437 1134 1637 1178 Apostolicae
1665 1133 1819 1174 nuncios,
1848 1133 1901 1165 iu-

1156 1187 1254 1220 dicari
1283 1193 1312 1220 ct
1339 1188 1464 1220 deliniri
1493 1187 1629 1227 debere,
1655 1187 1844 1229 irritumque
1873 1189 1901 1219 cl,

1157 1240 1270 1279 inane,
1295 1241 1319 1273 si
1346 1251 1435 1273 secus
1464 1251 1559 1284 super
1592 1241 1639 1273 liis
1670 1251 1688 1272 a
1719 1250 1900 1283 quoquam,

1156 1293 1265 1336 quavis
1290 1294 1495 1333 auctoritate,
1521 1293 1655 1326 scienter
1680 1293 1727 1325 vcl
1753 1292 1901 1335 ignorau-

1158 1353 1214 1387 tcr,
1240 1346 1409 1389 eontigerit
1433 1347 1579 1380 attentari
1605 1346 1812 1379 decernimus.

1201 1402 1216 1443 ξ
1247 1401 1277 1433 02.
1310 1402 1379 1434 Non
1411 1400 1610 1433 obstantibus
1641 1400 1703 1433 litis
1733 1399 1901 1442 pendentia

1157 1453 1349 1494 huiusmodi,
1367 1464 1403 1486 ac
1428 1453 1703 1486 constitutionibus
1727 1458 1757 1485 ct
1781 1452 1903 1485 ordina-

1157 1506 1295 1540 tionibus
1319 1506 1517 1550 apostolicis,
1543 1506 1636 1539 ctiam
1662 1505 1901 1545 conciliaribus,

1157 1570 1193 1592 ac
1229 1559 1442 1592 universitatis
1474 1570 1529 1592 seu
1558 1559 1737 1592 academiae
1771 1558 1899 1602 praedi—

1158 1618 1235 1656 ctae,
1254 1614 1347 1647 etiam
1367 1614 1555 1653 iuramento,
1573 1613 1813 1646 confirmatione
1829 1621 1903 1656 apo-

1158 1667 1283 1709 stolica,
1306 1667 1353 1700 vel
1378 1667 1488 1710 quavis
1512 1666 1661 1699 firmitate
1685 1666 1744 1698 alia
1770 1665 1902 1699 robora-

1158 1721 1207 1763 tis,
1229 1721 1352 1755 statutis
1372 1726 1402 1753 et
1421 1720 1711 1760 consuctudinibus,
1728 1719 1903 1763 privilegiis

1159 1784 1295 1817 quoque,
1321 1774 1450 1806 indultis
1475 1777 1504 1807 et
1527 1773 1640 1806 litteris
1661 1771 1841 1817 apostolicis
1873 1771 1904 1804 in

1160 1827 1354 1859 contrarium
1388 1827 1636 1870 praemissorum
1665 1825 1904 1869 quomodolibet

1160 1881 1327 1921 concessis,
1342 1881 1537 1914 confirmatis
1555 1885 1585 1913 et
1601 1879 1771 1919 innovatis;
1789 1879 1904 1923 quibus

1159 1934 1307 1967 omnibus
1325 1939 1354 1966 et
1372 1934 1515 1976 singulis,
1531 1933 1657 1965 illorum
1676 1938 1800 1965 tenores
1817 1942 1905 1975 prae-

1160 1986 1301 2019 sentibus
1325 1996 1384 2030 pro
1409 1986 1502 2029 plcne
1523 1991 1552 2017 et
1572 1986 1764 2018 sullicienter
1781 1995 1906 2028 expres-

1160 2040 1202 2072 sis
1227 2050 1262 2072 ae
1279 2039 1316 2072 de
1332 2039 1428 2071 verbo
1445 2039 1483 2071 ad
1500 2039 1631 2072 verbum
1650 2038 1774 2071 insertis
1791 2038 1906 2071 liaben-

1161 2099 1215 2135 tes,
1237 2093 1298 2125 illis
1319 2093 1394 2125 alias
1416 2093 1446 2124 in
1467 2103 1523 2125 suo
1544 2093 1659 2125 robore
1677 2092 1904 2136 permansuris,

1159 2147 1197 2179 ad
1216 2147 1465 2191 praemissorum
1485 2146 1642 2187 effectum,
1660 2147 1717 2179 bac
1734 2147 1801 2178 vice
1818 2145 1905 2178 dum-

1160 2205 1252 2241 taxat,
1279 2200 1458 2244 specialiter
1483 2205 1513 2232 ct
1538 2210 1686 2244 expresse
1701 2199 1904 2242 derogamus,

1160 2253 1338 2297 ceterisque
1363 2253 1531 2286 contrariis
1552 2252 1814 2296 quibuscumque.

1200 2307 1312 2340 Datum
1326 2307 1456 2346 Romae,
1467 2306 1549 2350 apud
1564 2306 1592 2338 S.
1604 2306 1732 2339 Mariam
1742 2306 1902 2347 Maiorem,

1159 2360 1217 2393 sub
1243 2360 1360 2393 annulo
1389 2359 1580 2400 Piscatoris,
1605 2359 1656 2392 die
1680 2368 1699 2391 v
1723 2358 1904 2392 novembris

1159 2424 1290 2455 MDeLln,
1314 2414 1518 2458 pontificatus
1539 2412 1639 2446 nostri
1659 2422 1742 2446 anno
1763 2423 1792 2446 x.

1196 2478 1254 2505 liat.
1273 2477 1316 2504 die
1332 2477 1348 2505 5
1364 2476 1520 2505 novembris
1537 2475 1616 2506 1653,
1632 2475 1725 2510 pontif.
1745 2483 1814 2503 anno
1829 2483 1855 2502 x.

1916 128 1963 154 An.
1982 128 2009 154 C.
2031 129 2097 158 1653

1944 1407 2037 1434 Derogat
2051 1413 2100 1429 eon—

1918 1435 1996 1456 trariis.
