2107 3142
15 159 64 193 aa.
80 157 108 184 c.
129 156 196 183 1643

56 960 136 983 Causae
159 965 196 980 seu

17 987 130 1018 {artemiae
162 992 196 1007 co-

17 1016 86 1041 mitto.

48 2131 143 2154 Urbanus
158 2130 202 2152 offi-

23 2157 76 2180 cium
90 2158 203 2179 visitatoris

23 2185 151 2211 praedictum
160 2190 203 2205 sus·

23 2216 108 2238 pensum
122 2211 195 2232 voluit.

790 156 997 181 INNOCENTIUS
1022 157 1043 180 X
1067 157 1113 180 Pr.

208 207 328 242 narent,
352 207 519 247 partesque
535 202 609 236 hine
626 203 697 236 inde
717 204 748 236 in
764 204 944 248 praemissis

208 255 359 296 iuridice‚
391 260 485 300 prout
524 257 648 290 occasio
681 257 803 290 tulisset
837 257 945 301 reique

208 308 341 353 qualitas
365 309 529 352 exegisset,
550 309 704 351 audirent,
725 309 849 353 illisque
862 310 946 342 audi-

206 363 260 403 tis,
284 373 364 406 quae
391 363 474 396 circa
499 363 725 396 institutionem
761 373 797 396 ae
832 368 944 396 statum

209 415 302 449 officii
320 415 488 448 visitatoris
505 426 559 448 seu
588 416 694 449 vicarii
720 416 874 459 generalis
892 417 947 449 hu-

209 468 344 502 iusmodi
362 469 507 512 illiusque
523 468 728 502 directionem
745 469 946 512 reperissent,

209 521 419 565 egissentque,
439 521 492 554 illa
505 527 535 554 et
558 521 795 554 informationes
811 522 948 565 desuper

209 579 316 618 captas
348 574 448 607 eidem
487 574 611 608 Urbano
647 575 882 618 praedecessori
919 580 947 607 et

210 627 281 661 Sedi
306 628 501 671 Apostolicae
526 628 680 660 referrent
703 631 732 661 et
756 628 948 660 transmitte-

209 685 288 722 rent,
313 686 357 721 ut,
382 681 466 723 quod
489 691 548 724 pro
566 681 647 713 felici
668 691 886 724 prosperoque
907 680 948 712 di—

209 739 276 767 ctae
293 733 550 777 Congregationis
571 734 700 777 eiusque
713 734 946 778 provinciarum
964 746 966 759 ν

209 787 382 821 directione
394 787 590 821 statuendum
609 792 639 820 et
656 788 864 820 ordinandum
878 788 949 820 fuis·
964 786 966 824 ὲ

209 846 266 881 set,
280 842 402 873 matura
427 841 654 874 consultatione
674 841 824 881 adbibita,
842 841 948 874 decer·

210 898 330 926 nerent.
964 932 967 938 ,

255 947 270 991 §
294 946 323 979 ·2.
349 946 550 980 Postmodum
584 957 657 980 vero
683 947 798 989 (eidem
825 943 967 979 Urbano'

211 1000 446 1044 praedecessori
463 1000 615 1044 exposito,
630 1000 713 1043 quod
730 1000 860 1044 praefati
882 1001 949 1033 Car-

211 1053 350 1086 notensis
366 1058 394 1086 et
424 1053 588 1086 Meldensis
608 1053 746 1096 episcopi
765 1053 948 1085 relationem
966 1065 967 1072 ¹

212 1112 242 1139 et
253 1111 358 1150 captas
370 1116 427 1150 per
441 1116 494 1139 eos
511 1105 747 1139 informationes
757 1116 851 1149 super
864 1116 951 1149 prae-

213 1160 315 1193 missis
335 1159 373 1192 ad
398 1159 542 1192 eumdem
563 1159 745 1192 Pontificem
772 1159 949 1192 transmise-

212 1217 292 1255 rant,
307 1218 337 1246 et
361 1212 400 1247 ab
423 1213 466 1246 eis
491 1224 508 1245 a
532 1218 620 1256 parte
645 1212 802 1245 contraria
823 1213 861 1245 ad
878 1224 968 1261 eumg

211 1267 403 1312 appellatum
424 1267 538 1310 fuerat)
557 1266 637 1299 idem
661 1266 804 1299 Urbanus
824 1264 968 1314 praede-{J

213 1331 329 1362 cessor,
346 1326 380 1353 ut
403 1319 565 1363 negotium
590 1319 771 1352 huiusmodi
797 1321 968 1353 maturius

212 1374 439 1415 discuteretur,
465 1373 561 1415 illud,
588 1378 651 1405 tum
685 1384 701 1405 a
732 1373 890 1406 nonnullis
915 1381 969 1406 ex‘

213 1427 411 1471 gravioribus
432 1426 555 1460 Ordinis
575 1426 818 1470 professoribus,
834 1431 898 1459 tum
912 1426 950 1459 ab
968 1437 969 1450 ¹

214 1481 369 1525 aliquibus
394 1481 552 1513 Romanae
569 1479 672 1512 curiae
690 1479 847 1523 praelatis,
865 1480 951 1512 audi·
968 1498 969 1511 l

215 1534 253 1567 tis
272 1533 392 1577 pluries
411 1532 483 1565 hinc
508 1532 580 1565 inde
603 1532 756 1575 partibus,
781 1533 951 1565 examinari

215 1587 382 1629 mandavit,
401 1596 573 1630 eorumque
598 1585 703 1618 audita
723 1585 858 1630 desuper
882 1597 951 1619 sen-

216 1640 322 1681 tentia,
336 1643 422 1673 motu
447 1650 504 1672 suo
529 1639 669 1683 proprio,
683 1639 782 1682 deque
803 1640 952 1683 apostoli·
968 1657 971 1701 ξ

215 1694 269 1728 cae
292 1693 455 1738 potestatis
480 1692 684 1736 plenitudine,
699 1696 728 1726 ct
752 1692 889 1725 officium
909 1693 970 1725 ris

215 1748 353 1781 sitatoris
381 1758 435 1780 seu
461 1746 567 1780 vicarii
593 1746 748 1790 generalis
772 1746 952 1780 huiusmodi

215 1802 391 1846 praefatum
427 1811 498 1834 cum
524 1800 669 1833 omnibus
694 1800 732 1832 ab
757 1800 810 1833 illo
831 1801 949 1844 depen—

215 1855 360 1888 dentibus
380 1852 520 1898 illisque¹
536 1853 684 1887 connexis
698 1853 736 1886 ad
751 1864 840 1886 suum
856 1859 886 1886 et
903 1854 953 1887 Se-

216 1909 263 1943 dis
281 1908 460 1953 praedictae
479 1907 709 1951 beneplacitum
732 1907 952 1950 suspendit‚et,

215 1972 379 2006 quousque
404 1961 441 1994 ab
466 1972 503 1994 eo
533 1962 580 1994 vel
605 1961 687 1993 dieta
708 1960 785 1993 Sede
813 1960 902 1993 aliter
923 1960 953 1992 in

216 2014 397 2060 praemissis
421 2014 608 2058 dispositum
633 2013 764 2057 fuisset,
790 2013 865 2046 illud
896 2026 953 2058 pro

216 2079 279 2103 non
303 2069 445 2102 instituto
481 2079 518 2101 ex
550 2073 623 2101 tunc
658 2068 767 2101 baberi
804 2069 901 2101 voluit
925 2074 971 2101 et*

218 2122 395 2162 mandavit;
431 2132 466 2155 ae
491 2122 632 2165 insuper,
669 2125 700 2155 ut
724 2122 846 2154 Tertius
871 2122 954 2155 Ordo

217 2176 375 2221 praefatus
391 2175 423 2208 in
443 2185 541 2218 regno
566 2175 587 2207 F
590 2174 715 2207 rancine
735 2185 885 2218 prospere
913 2175 972 2208 ‹li-2

217 2230 390 2273 rigeretur,
417 2233 504 2261 motu
528 2232 557 2260 et
581 2227 742 2271 potestatis
763 2228 955 2271 plenitudine

217 2282 370 2316 similibus
402 2281 508 2314 statuit
531 2286 561 2314 et
585 2280 758 2321 ordinavit,
783 2286 816 2313 ut
846 2291 954 2315 omnes

217 2342 248 2370 et
271 2336 412 2379 singulae
435 2335 567 2368 fratrum
593 2334 806 2378 praefatorum
831 2334 955 2378 provin-

218 2388 283 2424 ciae
308 2395 338 2423 et
360 2388 495 2422 ministri
519 2387 726 2432 provinciales
746 2387 803 2421 soli
832 2388 954 2421 dumta-

218 2448 271 2478 xat
307 2442 452 2476 ministro
491 2441 630 2485 generali
665 2441 789 2475 Ordinis
820 2442 953 2475 fratrum

218 2497 373 2530 Minorum
389 2496 487 2529 sancti
507 2495 664 2528 Francisci
690 2495 727 2528 de
752 2495 954 2528 Observantia

256 2562 267 2586 1
291 2558 379 2587 Potius
397 2558 455 2595 lege
474 2558 576 2595 illique
597 2557 631 2594 (R.
653 2558 699 2593 ta).

977 209 1227 247 nuncupatorum
1247 213 1304 248 pro
1326 208 1465 247 tempore
1482 201 1625 236 existenti
1651 202 1712 235 una

978 268 1048 290 cum
1067 257 1161 290 domo
1182 257 1318 300 regulari
1340 267 1394 289 seu
1411 261 1565 290 conventu
1589 254 1619 289 S.
1645 255 1709 288 Ma-

979 310 1043 342 riae
1080 310 1302 343 Mimculorum
1338 316 1534 353 nuncupatae
1566 308 1604 341 de
1633 308 1715 342 Urbe

980 364 1112 396 fratrum
1130 364 1224 396 Tertii
1244 363 1368 397 Ordinis
1380 363 1510 407 praefati
1536 361 1716 395 immediate

980 417 1152 457 subessent,
1169 422 1199 450 et
1221 417 1259 449 ad
1283 417 1400 450 dictum
1426 416 1603 448 ministrum
1627 424 1717 457 gene-

980 470 1098 509 ralem,
1124 481 1246 503 necnon
1276 480 1334 513 pro
1368 475 1509 512 ternpore
1534 468 1715 501 existentem

980 523 1062 566 apud
1087 523 1197 556 Sedem
1223 523 1365 556 eamdem
1398 522 1470 555 dicti
1495 521 1618 555 Ordinis
1636 531 1714 565 pro-

981 581 1147 617 tectorem,
1172 577 1406 619 Romanamque
1431 575 1552 608 curiam
1576 574 1607 606 in
1632 574 1715 607 easi-

982 629 1038 661 bus
1063 630 1302 662 occurrentibus
1328 639 1492 662 recurrere
1517 633 1716 668 tenerentur,

982 687 1009 715 et
1035 683 1110 715 alias
1135 687 1231 726 prout
1255 683 1286 715 in
1312 682 1394 714 binis
1428 681 1566 714 eiusdem
1600 680 1717 713 Urbani

983 734 1233 778 praedecessoris
1259 735 1288 767 in
1313 734 1406 767 simili
1427 734 1528 766 forma
1551 733 1656 766 Brevis
1673 733 1719 766 lit—

983 788 1055 820 teris
1081 788 1216 831 desuper
1242 788 1279 820 de
1304 797 1421 821 Μυρτίω
1439 793 1468 820 et
1484 796 1614 820 mooun
1630 786 1718 819 annis

983 841 1154 884 respective
1169 841 1330 882 nummatis,
1344 851 1477 884 quarum
1492 845 1616 873 tenores
1633 848 1719 883 prae-

964 895 1123 928 ‹sentibus
1147 906 1204 938 pro
1230 895 1385 938 expressis
1410 893 1517 926 haberi
1553 893 1718 934 volumus,

984 947 1111 980 uberius
1136 948 1323 980 continetur.

1028 1001 1042 1043 g
1065 1000 1094 1033 3.
1110 1001 1184 1033 Cum
1203 1005 1317 1043 autem,
1335 1001 1415 1033 sicut
1431 1000 1619 1044 accepimus,
1636 999 1719 1043 quie-

985 1053 1022 1086 tis
1039 1053 1139 1086 dictae
1156 1054 1415 1097 Congregationis
1435 1054 1607 1097 plurimum
1629 1053 1720 1085 inter-

983 1106 1032 1146 sit,
1049 1112 1083 1138 ut
1111 1107 1325 1150 supradictum
1353 1107 1519 1140 visitatoris
1540 1117 1594 1139 seu
1613 1105 1720 1139 vicarii

983 1161 1139 1203 generalis
1163 1161 1344 1194 huiusmodi
1375 1161 1535 1201 officium,
1560 1160 1597 1193 de
1622 1160 1721 1200 euius,

984 1219 1016 1246 ut
1042 1215 1227 1257 praestatur,
1253 1215 1392 1257 legitima
1423 1215 1644 1247 constitutione
1668 1214 1721 1246 ha-

984 1273 1092 1300 ctenus
1116 1278 1179 1300 non
1204 1268 1371 1312 apparuit,
1397 1268 1527 1300 minime
1563 1274 1722 1300 remaneat

984 1322 1117 1365 amplius
1144 1322 1174 1354 in
1199 1333 1366 1365 suspenso,
1392 1322 1444 1354 sed
1470 1322 1546 1355 illud
1571 1321 1722 1366 perpetua

984 1378 1091 1408 nostra
1117 1375 1226 1419 deque-¹
1253 1376 1339 1409 Sedis
1364 1376 1560 1419 Apostolicae
1578 1386 1722 1419 suppres-

985 1429 1071 1462 sione
1093 1429 1123 1461 in
1149 1430 1289 1461 futurum
1307 1430 1442 1463 tollatur:
1465 1429 1581 1461 idcirco
1598 1440 1664 1469 nos,
1685 1429 1722 1462 ad

986 1483 1097 1515 uberes
1123 1484 1253 1521 fructus,
1278 1493 1356 1525 quos
1375 1482 1467 1514 iidem
1485 1482 1580 1514 Tertii
1598 1482 1722 1515 Ordinis

987 1535 1136 1578 praedicti
1154 1536 1265 1567 fratres
1287 1535 1386 1567 dictae
1400 1535 1657 1577 Congregationis
1676 1536 1722 1568 vel

986 1589 1024 1621 ab
1050 1589 1147 1632 ipsius
1173 1588 1349 1632 primordio
1374 1588 1403 1620 in
1425 1589 1561 1620 Ecclesia
1580 1588 1722 1621 militanti

988 1652 1101 1684 magno
1127 1652 1198 1674 eum
1225 1642 1415 1684 reipublicae
1445 1641 1633 1674 christianae
1658 1642 1722 1685 spi-

987 1695 1090 1728 rituali
1117 1695 1283 1728 commodo
1309 1695 1479 1727 attuleruut
1497 1700 1525 1727 et
1543 1694 1573 1726 in
1591 1695 1656 1727 dles
1678 1695 1721 1727 af-

988 1750 1068 1781 ferre
1093 1755 1274 1787 noscuntur,
1292 1754 1421 1791 paterne
1439 1748 1608 1791 dirigentes
1626 1748 1724 1781 consi-

987 1802 1157 1835 derationis
1172 1802 1327 1841 intuitum,
1342 1807 1372 1833 et
1388 1807 1560 1845 sperantes,
1580 1802 1640 1834 Deo
1654 1801 1724 1834 dan-

989 1861 1034 1896 te,
1060 1855 1142 1898 quod
1167 1855 1274 1888 eadem
1300 1855 1506 1897 Congregalio
1531 1855 1723 1887 felicioribus

987 1908 1136 1951 deinceps
1160 1909 1190 1940 in
1210 1909 1295 1940 vinea
1314 1907 1435 1941 Domini
1458 1907 1600 1950 proficiet
1625 1908 1725 1940 incre-

989 1962 1110 2001 mentis,
1135 1972 1255 1995 necnon
1281 1961 1408 1994 eosdem
1429 1961 1619 1994 dicu-Tertii
1637 1961 1725 1994 Ordi-

989 2016 1035 2047 nis
1052 2016 1164 2048 sratres
1182 2014 1369 2058 specialibus
1387 2014 1546 2047 favoribus
1568 2020 1597 2046 et
1617 2014 1725 2057 gratiis

989 2069 1137 2112 prosequi
1167 2070 1327 2108 volentes,
1357 2074 1387 2101 et
1413 2079 1523 2101 eorum
1552 2068 1726 2109 singulares

988 2133 1136 2166 personas
1157 2132 1173 2154 a
1197 2122 1360 2165 quibusvis
1385 2121 1725 2161 exeomnmnicatfflnis,

988 2175 1201 2219 suspensionis
1222 2180 1251 2207 ct
1278 2174 1451 2214 interdicti,
1476 2174 1606 2217 aliisque
1631 2174 1726 2207 eecle-

988 2228 1120 2261 siasticis
1145 2228 1322 2268 sententiis,
1348 2227 1488 2261 censuris
1513 2232 1542 2260 et
1566 2227 1684 2270 poenis,
1709 2239 1727 2260 a

988 2281 1055 2314 iure
1082 2282 1127 2314 vel
1143 2281 1180 2314 ab
1201 2281 1338 2323 bomine,
1356 2281 1464 2324 quavis
1488 2280 1652 2313 occasione
1678 2281 1726 2313 vel

988 2337 1082 2369 caus&
1101 2335 1181 2375 latis,
1196 2335 1349 2378 siquibus
1373 2333 1609 2377 quomodolibet
1634 2333 1725 2367 inno-

988 2389 1077 2422 datae
1107 2388 1256 2429 existunt‚
1282 2388 1319 2420 ad
1344 2388 1488 2420 effectum
1513 2387 1725 2429 praesentium

988 2443 1146 2475 dumtaxat
1164 2440 1428 2483 consequendum,
1450 2440 1561 2471 harum
1579 2439 1659 2472 serie
1675 2440 1727 2472 ab·

988 2495 1144 2528 solventes
1161 2498 1189 2527 et
1206 2494 1363 2526 absolutas
1391 2493 1456 2525 sore
1485 2496 1659 2532 censentes,
1688 2492 1726 2525 de

1026 2558 1036 2583 1
1053 2556 1153 2585 Forsan
1170 2558 1255 2592 acque
1271 2563 1320 2592 pro
1336 2555 1424 2591 deque
1439 2554 1583 2590 legendum
1598 2553 1636 2590 (R.
1649 2555 1698 2590 ¹r.).

1615 144 1678 179 599
1725 155 1774 180 An.
1793 153 1819 180 c.
1842 152 1908 180 tels

1762 1012 1856 1032 Pontifex
1884 1011 1917 1031 hir·

1736 1038 1826 1059 omnium
1837 1039 1919 1067 praedi-

1735 1067 1789 1085 ctum
1801 1066 1919 1091 supprimit.
