2107 3142
15 215 63 242 An.
79 213 109 241 C.
127 212 194 240 1653

52 379 120 400 Dubia
158 385 194 405 pro

28 408 72 428 arte
80 405 194 427 Societatis

23 437 68 454 esu.

814 215 1022 240 INNOCENTIUS
1047 217 1064 240 X
1090 217 1137 240 PP.

210 260 323 304 quibus
336 261 442 293 unctio
456 261 646 304 requiritur?
657 281 697 286 —
712 262 883 306 Respondit
903 263 950 295 iti-

210 314 281 346 dem
305 323 367 346 non
392 323 494 356 posse.

253 367 313 398 Pro
337 372 426 409 parte
450 377 524 399 vero
546 367 767 410 religiosorum
786 368 948 402 Societatis

209 419 278 452 Iesu
295 419 457 462 proposita
477 420 604 453 suerunt
621 421 820 464 infrascripta
844 422 947 454 dubia:

253 473 276 505 Ι.
304 473 349 505 An
381 473 518 516 episcopi
552 473 582 505 in
615 474 757 517 partibus
788 474 946 507 Indiarum

209 524 330 568 possint
346 535 381 557 ex
400 525 525 568 integro
542 531 640 558 totum
667 537 762 559 unum
790 532 946 559 monaste-

209 576 290 608 rium
306 577 351 609 vel
370 578 538 619 collegium
552 578 591 610 ab
605 578 767 611 audiendis
782 579 947 612 consessio-

208 630 300 662 nibus
314 630 572 674 suspendere‘2—
584 631 766 674 Respondit,
782 632 947 675 episcopos

208 681 367 714 Indiarum
399 693 491 726 posse
523 683 648 726 quidem
684 684 830 716 omnibus
854 685 945 717 simul

208 735 300 767 unius
325 736 506 768 monasterii
529 736 575 768 vel
595 737 718 778 collegii
751 738 947 770 confessariis

208 788 348 821 adimere
372 789 549 823 facultatem
569 789 714 822 audiendi
735 790 946 823 consessiones

207 851 416 884 personarum
441 842 643 882 secularium,
659 843 751 875 etiam
770 843 945 876 inconsulta

207 896 295 926 sacra
312 895 565 937 congregatione¹
582 895 801 938 episcoporum
817 902 846 928 et
858 907 948 939 regu-

207 945 321 978 larium
340 947 473 989 negotiis
490 948 681 990 praeposita,
697 959 767 980 cum
786 949 944 982 decretum

207 999 246 1033 ab
264 1002 300 1033 ea
318 1001 434 1034 editum
463 1002 520 1034 sub
537 1003 586 1034 dic
603 1013 621 1036 x
639 1003 819 1035 novembris
839 1013 945 1037 iuncxv

207 1064 242 1086 ex
260 1054 441 1087 intentionis
458 1056 579 1088 defectu
593 1062 621 1088 et
647 1057 863 1089 convenientia
882 1068 946 1089 ino-

207 1106 263 1138 rali
299 1117 362 1140 non
397 1108 581 1140 extendatur
616 1109 654 1141 ad
694 1110 839 1152 regiones
879 1110 946 1142 illas

208 1166 269 1192 tam
296 1161 388 1203 longe
419 1161 456 1193 ab
487 1161 565 1193 urbe
602 1162 734 1195 dissitas
761 1163 874 1195 Verum
907 1163 945 1194 ab

206 1213 265 1245 hac
289 1214 427 1254 generali
453 1215 668 1257 suspensione,
697 1225 786 1257 (fuae,
807 1215 855 1247 vix
881 1215 945 1247 sinc

207 1266 351 1298 scandalo
368 1272 397 1298 et
413 1266 589 1299 animarum
609 1267 747 1310 pernicie
765 1267 945 1309 contingere

207 1321 331 1360 potest,
353 1319 572 1351 abstinendum
598 1330 666 1352 esse
692 1320 865 1362 episcopis,
886 1320 963 1352 nisi:

205 1371 390 1413 gravissima
415 1371 603 1404 subsistente
628 1374 736 1413 cansa⁷
763 1383 858 1415 super
883 1384 945 1416 quo

205 1433 294 1456 sacra
330 1424 533 1466 congregatio
573 1424 698 1457 illorum
740 1425 945 1458 conscientias

206 1476 345 1518 graviter
369 1477 467 1508 voluit
491 1487 558 1509 esse
583 1482 727 1509 oneratas
737 1476 756 1509 ⁹.

249 1529 284 1561 II.
309 1530 356 1561 An
380 1529 545 1572 episcopus
568 1530 758 1571 regularem,
782 1541 840 1573 pro
865 1541 942 1563 eon-

205 1581 393 1613 sessionibus
418 1582 512 1613 semel
538 1582 761 1625 approbatum,
782 1583 847 1614 sine
864 1585 945 1615 nova

205 1636 299 1666 causa
313 1634 504 1677 suspendere
522 1635 620 1677 possit
634 1635 672 1667 ab
687 1635 761 1678 ipsis
775 1636 944 1668 consessio-

204 1687 296 1719 nibus
321 1687 749 1731 audiendis‘?—Respondit
773 1690 943 1731 regulares,

204 1739 280 1772 alias
304 1740 402 1772 libere
423 1740 461 1771 al)
486 1740 636 1783 episcopo
653 1741 781 1784 praevio
802 1742 944 1774 examine

205 1793 393 1836 approbatos
411 1794 447 1825 ad
466 1793 634 1826 audiendas
648 1795 859 1827 consessiones
876 1806 945 1838 per-

204 1856 352 1878 sonarum
378 1847 577 1887 secularium,
598 1848 636 1880 al)
661 1848 770 1880 eodem
796 1849 944 1892 episcopo

205 1899 353 1942 suspendi
378 1910 440 1932 non
464 1911 556 1944 posse
582 1902 648 1933 sine
668 1904 748 1934 nova
776 1904 880 1943 causa,
897 1904 945 1934 0¹⁴1-

204 1962 265 1995 que
288 1953 326 1984 ad
351 1953 561 1986 consessiones
586 1955 669 1997 ipsas
693 1955 877 1998 pertinente.

249 2005 297 2038 III.
323 2007 369 2038 An
400 2006 486 2038 Bulla
517 2006 561 2038 Pii
587 2008 609 2039 V
641 2008 751 2049 (xxxrv
776 2007 807 2040 in
834 2008 944 2040 ordine

205 2058 280 2090 tomi
296 2069 317 2091 11
335 2059 502 2102 Baitai-31³),
517 2070 665 2094 concessa
678 2061 810 2094 instante
828 2067 857 2093 et
874 2072 944 2104 sup-

204 2111 340 2154 plicante
365 2112 568 2144 serenissimo
593 2123 668 2154 rege
691 2113 857 2153 catholico,
882 2124 942 2145 non

204 2163 241 2195 ad
266 2164 448 2206 petitionem
474 2165 678 2206 regularium,
695 2166 734 2197 sit
751 2171 895 2198 revocata
912 2166 943 2198 iu

204 2216 301 2248 Bullis
325 2218 528 2249 Summorum
554 2217 755 2257 Pontificum,
773 2218 804 2249 in
829 2218 943 2261 quibus

204 2269 418 2312 exemptiones
442 2269 637 2311 regularium
664 2270 873 2311 mitigantur?
900 2290 944 2294 —

204 2321 375 2364 Respondit
398 2322 554 2363 agendum
579 2332 651 2353 eum
670 2322 884 2365 Sanctissimo,
903 2333 941 2354 an

238 2418 251 2443 ‘1
274 2417 344 2443 Edit.
362 2416 440 2443 Μαίη.
458 2417 521 2451 legit
537 2418 719 2452 conssregyatio
735 2419 772 2451 (n.
785 2418 833 2452 ¹12).

238 2461 254 2487 2
274 2462 420 2496 Perperam
439 2461 481 2488 ed¹
497 2462 576 2488 Main.
594 2462 819 2496 legitobaeralas
835 2464 875 2496 (R.
892 2464 940 2497 T.).

238 2506 254 2531 3
273 2505 312 2532 Ita
331 2511 389 2533 erat
408 2508 435 2533 in
455 2507 591 2534 Bullario
612 2507 808 2534 Clierubiniano
826 2511 888 2534 tunc
904 2508 941 2534 vi-

202 2554 296 2585 gente3
317 2559 388 2578 nunc
403 2551 429 2577 in
446 2553 537 2578 nostra
551 2551 600 2578 hac
615 2551 732 2578 editione
748 2554 788 2577 est
804 2551 828 2577 in
845 2551 941 2578 ordine

202 2601 248 2629 Lu,
269 2599 296 2622 et
315 2595 429 2622 liabetur
448 2596 474 2622 in
495 2600 559 2623 tom.
576 2603 624 2629 vn,
640 2603 701 2631 pag.
718 2595 768 2622 558
784 2596 821 2630 (a.
838 2597 886 2629 T.).

982 263 1056 296 velit
1078 264 1238 297 declarare
1263 265 1383 297 Bullam
1414 275 1478 298 non
1502 275 1570 297 esse
1593 275 1724 298 revoca-

983 321 1054 358 tam,
1072 316 1156 349 illam
1183 322 1287 349 tamen
1312 327 1375 349 non
1399 317 1577 359 suffragari,
1601 317 1661 350 nisi
1690 317 1722 350 in

981 369 1058 401 Iocis
1082 368 1136 402 ubi
1162 375 1208 402 est
1226 369 1364 402 desectus
1390 370 1616 413 parochorum.

1025 421 1071 454 IV.
1096 423 1143 454 An
1167 422 1332 466 episcopus
1356 423 1456 465 possit
1479 433 1550 455 cum
1576 422 1719 455 censuris

980 474 1151 518 procedere
1177 481 1286 507 contra
1310 475 1471 517 regulares
1495 480 1668 518 exemptos,
1693 475 1720 508 si

981 527 1195 560 inobedientes
1218 528 1333 560 suerint
1354 527 1384 559 in
1402 527 1648 561 confessionibus
1665 538 1721 560 au-

981 579 1111 621 diendis,
1140 580 1187 612 vel
1211 579 1443 623 praedicatione
1471 579 1557 611 verbi
1583 579 1659 619 Dei,
1689 584 1719 612 et

980 632 1040 665 hoe
1060 643 1098 664 an
1119 633 1227 674 vigore
1250 633 1378 666 Concilii
1395 632 1577 672 Tridentini,
1598 633 1645 664 vel
1662 642 1720 675 per

980 695 1072 728 quem
1098 695 1249 718 canonem
1262 686 1277 717 ‘?
1290 705 1334 709 -—
1346 685 1515 728 Respondit
1532 695 1624 728 posse
1649 695 1720 728 pro-

980 738 1102 779 cedere,
1131 748 1193 770 non
1210 738 1337 781 quidem
1363 738 1393 770 in
1414 738 1476 770 vim
1496 738 1624 770 Concilii
1649 738 1721 770 Tri-

979 791 1107 832 dentini,
1126 791 1179 823 sed
1206 791 1235 823 in
1260 791 1322 823 vim
1350 790 1579 823 constitutionis
1602 790 1719 832 Grego-

979 844 1017 877 rii
1032 845 1092 884 XV,
1106 854 1185 887 quae
1210 844 1319 887 incipit
1336 843 1549 876 [immutabili
1573 843 1633 876 Dei
1646 854 1721 886 pro-

979 897 1135 929 videntia.

1024 951 1056 982 V.
1078 951 1123 982 An
1148 950 1271 982 licentia
1295 949 1439 982 audiendi
1459 949 1669 982 consessiones
1686 954 1718 982 et

979 1002 1179 1045 praedicandi
1194 1003 1231 1034 ab
1245 1003 1391 1046 episcopo
1408 1012 1464 1045 per
1480 1002 1598 1034 litteras
1613 1006 1717 1044 paten-

980 1061 1025 1087 tes
1039 1055 1240 1087 cancellariae
1254 1055 1383 1087 eoncedi
1400 1054 1568 1098 possit‘?-
1578 1055 1717 1097 Respon-

980 1108 1024 1140 dit
1040 1118 1130 1150 possc
1147 1107 1273 1140 conc-cdi
1292 1107 1384 1141 etiam
1403 1117 1459 1150 per
1475 1107 1593 1140 litteras
1615 1106 1716 1139 missi-

981 1171 1041 1201 vas,
1056 1161 1101 1192 vel
1120 1166 1276 1200 oretenus,
1290 1161 1314 1192 si
1332 1161 1373 1192 ita
1386 1160 1535 1203 episeopo
1550 1159 1715 1191 videbitur.

1024 1213 1071 1245 Vl.
1096 1214 1141 1245 An
1162 1213 1231 1245 talis
1248 1213 1372 1245 licentia
1396 1218 1543 1245 oretenus
1563 1212 1630 1243 sine
1647 1212 1721 1244 scri-

979 1265 1039 1307 ptis
1059 1265 1186 1297 concedi
1213 1265 1332 1308 possit?
1352 1284 1396 1288 -
1420 1263 1591 1307 Respondit
1618 1269 1651 1295 ut
1679 1264 1719 1296 ad

980 1318 1171 1361 proximum.

1024 1372 1069 1403 vl.
1095 1372 1139 1403 Au
1166 1371 1294 1404 facultas
1319 1371 1451 1413 eligendi
1482 1376 1719 1404 conservatores

979 1434 1127 1457 concessa
1151 1424 1295 1457 Societati
1326 1434 1343 1455 a
1367 1423 1519 1465 Gregorio
1550 1423 1615 1455 XIII
1651 1423 1717 1455 sus-

979 1478 1119 1519 sragetur
1144 1477 1204 1509 illis
1229 1477 1259 1508 in
1284 1477 1361 1509 locis
1389 1477 1419 1509 in
1444 1477 1557 1520 quibus
1582 1487 1644 1509 non
1669 1478 1720 1509 ad-

979 1535 1051 1562 sunt
1067 1529 1184 1562 iudiccs
1201 1529 1440 1573 synodalch—
1456 1530 1638 1572 Respondit,
1663 1530 1718 1563 ubi

979 1593 1040 1615 non
1066 1583 1177 1615 adsunt
1202 1583 1319 1615 iudices
1336 1583 1498 1626 synodales
1518 1583 1718 1625 privilegium

979 1636 1122 1678 Gregorii
1140 1636 1205 1668 XIII
1223 1646 1284 1668 non
1302 1635 1466 1677 suffragari
1485 1636 1586 1678 quoad
1608 1636 1669 1669 Iioc
1685 1641 1720 1669 ut

979 1689 1115 1721 Societas
1140 1700 1201 1722 non
1222 1694 1364 1721 teneatur
1382 1699 1417 1721 ex
1435 1689 1494 1720 illis
1516 1689 1632 1731 eligere
1648 1699 1720 1722 con-

978 1746 1174 1780 servatoreS,
1199 1741 1371 1774 dummodo
1400 1747 1503 1773 tamen
1532 1742 1562 1773 in
1587 1742 1717 1785 reliquis

979 1800 1120 1827 serretur
1144 1795 1245 1827 torma
1265 1795 1493 1827 constitutionis
1510 1794 1655 1837 Gregorii
1668 1796 1719 1827 XV

980 1848 1036 1879 liac
1061 1847 1098 1879 de
1124 1857 1157 1879 re
1182 1847 1291 1879 editae.

1023 1900 1097 1932 VIII.
1119 1901 1163 1932 An
1189 1905 1425 1933 conservatores
1453 1900 1615 1933 Societatis
1633 1901 1716 1933 vica-

960 1954 1042 1996 ,rios
1075 1954 1237 1995 generales
1271 1953 1490 1996 cpiscoporum
1530 1954 1716 1986 auctoritate

978 2007 1149 2049 apostolica
1171 2017 1227 2049 per
1246 2006 1423 2045 sententias,
1438 2017 1585 2039 censuras
1602 2012 1632 2038 et
1645 2017 1718 2050 poe-

978 2070 1032 2091 nas
1057 2059 1283 2091 ecclesiasticas
1308 2059 1497 2102 compellere
1516 2059 1637 2102 possint
1655 2060 1714 2091 vir-

979 2115 1042 2144 tute
1067 2112 1172 2143 Bullae
1196 2111 1339 2153 Gregorii
1367 2111 1435 2143 XIII
1460 2111 1635 2154 incipientis
1655 2113 1714 2145 AE-

977 2175 1078 2207 quum
1093 2169 1282 2207 reputamus
1298 2163 1403 2196 ‹latae¹
1422 2165 1532 2196 ultima
1560 2165 1711 2196 februarii

977 2218 1135 2249 iiiiiixxnt‘?
1152 2237 1195 2240 —
1212 2216 1383 2260 Respondit
1399 2228 1489 2260 posse
1507 2228 1523 2248 a
1541 2216 1716 2249 manifestis

976 2269 1099 2301 iniuriis
1118 2275 1147 2301 et
1166 2270 1320 2302 violentiis
1336 2280 1390 2302 eos
1407 2279 1607 2312 compescere
1621 2270 1714 2301 etiam

976 2323 1117 2355 censuris
1142 2329 1170 2355 ct
1195 2323 1304 2366 poenis
1329 2323 1555 2355 ecclesiasticis.

1012 2375 1108 2402 Datum
1129 2376 1229 2402 Romae
1249 2376 1291 2401 die
1310 2382 1353 2402 xv1
1373 2375 1465 2410 aprilis
1484 2382 1619 2402 mnexnvnt
1637 2385 1662 2402 n.

1018 2429 1224 2472 Quapropter,
1250 2433 1282 2462 ut
1306 2429 1479 2471 praemissa
1504 2428 1627 2461 firmius
1647 2429 1718 2462 sub-

974 2482 1084 2514 sistant
1104 2487 1134 2514 et
1158 2482 1377 2514 inviolabiliter
1394 2482 1611 2523 observentur,
1624 2483 1716 2516 nobis

973 2545 1032 2577 pro
1048 2539 1137 2577 parte
1155 2535 1277 2567 Ioannis
1295 2534 1435 2577 episcopi
1460 2535 1639 2568 huiusmodi
1658 2536 1716 2568 suit

1012 2597 1023 2622 1
1047 2595 1116 2622 Edit.
1138 2595 1216 2622 Main.
1239 2595 1305 2630 legit
1325 2596 1425 2623 datum
1447 2595 1486 2632 (n.
1503 2596 1549 2632 T.).

1632 208 1697 241 7117
1742 220 1792 245 An.
1808 217 1838 245 C.
1856 216 1924 248 1653
