2107 3142
52 195 101 224 An.
116 195 145 223 C.
168 195 236 223 1646

70 1363 225 1386 Contrariorum

44 1390 160 1417 derogatio.

832 196 1039 220 mnocenrms
1063 196 1083 220 x
1109 196 1156 220 PP.
1657 185 1722 222 475
1767 194 1814 222 An.
1833 194 1862 222 C.
1883 195 1953 223 1646

246 254 304 287 pro
328 243 481 277 revocatis
504 243 689 283 habeantur,
714 244 861 287 quodque
883 245 913 276 in
931 245 985 276 eis-

247 295 316 328 dem
342 295 452 328 litteris
487 295 627 329 deleatur
662 296 756 329 dictio
790 297 902 328 solitas
932 297 984 328 ad-

246 347 324 380 iecta
349 347 477 381 dictioni
510 350 710 391 functiones,
743 360 836 393 quam
868 349 983 381 nihilo-

247 401 348 433 minus
365 411 421 434 nos
446 412 503 444 pro
521 402 621 435 deleta
643 413 679 435 ex
707 413 789 435 nunc
807 402 914 434 haberi
936 412 984 435 vo-

246 453 361 494 lumus,
378 454 508 497 perinde
533 465 567 488 ac
589 456 612 487 si
632 456 740 489 eadem
763 454 858 487 dictio
871 455 983 488 solitas

246 507 276 539 in
301 507 360 539 illis
386 517 544 551 nunquam
566 509 707 551 apposita
724 508 848 546 fuisset3
875 507 982 550 sicque

245 564 274 592 et
299 570 361 593 non
386 561 475 594 aliter
493 561 523 593 in
543 561 723 604 praemissis
740 571 795 604 per
815 570 982 603 quoscum-

245 623 305 656 que
329 613 448 646 iudices
464 614 641 647 ordinarios
658 620 687 647 et
704 614 874 656 delegatos,
888 613 980 645 etiam

245 676 408 700 causarum
434 667 539 710 palatii
564 666 727 710 apostolici
752 667 921 707 auditores,
946 676 982 698 ac

245 730 392 763 magnum
419 721 625 762 magistrum,
652 720 834 759 consilium,
859 720 980 762 aliaque

244 773 411 805 tribunalia
442 773 515 805 dicti
547 773 731 816 hospitalis,
756 783 791 805 ac
826 773 854 805 S.
883 773 917 805 R.
948 773 979 805 E.

243 825 438 866 cardinales,
471 826 562 859 etiam
595 826 633 859 de
664 827 760 858 latere
797 826 926 868 legatos,
951 831 981 858 et

243 889 459 923 quoscumque
484 879 561 912 alios
585 880 694 922 quavis
714 879 899 912 auctoritate
917 879 981 911 sun—

243 937 366 975 gentes⁷
391 942 474 964 nunc
500 937 529 965 et
554 943 611 975 pro
637 938 778 975 tempore
803 932 979 967 existentes„

243 985 365 1018 sublata
390 986 433 1018 eis
458 991 487 1018 et
512 996 621 1018 eorum
643 986 770 1019 cuilibet
797 986 906 1029 quavis
926 986 980 1017 ali-

242 1042 289 1070 ter
311 1038 466 1071 iudicandi
496 1044 525 1071 et
543 1039 766 1082 interpretandi
789 1039 933 1071 facultate
951 1045 980 1071 et

242 1091 436 1133 auctoritate,
461 1091 590 1124 iudicari
609 1097 638 1124 et
655 1092 777 1124 deliniri
803 1091 927 1129 debere,
945 1102 980 1123 ac

242 1143 366 1176 irritum
398 1150 428 1176 et
459 1144 567 1184 inane,
592 1145 615 1176 si
649 1155 737 1177 secus
767 1155 860 1188 super
889 1144 937 1176 liis
963 1154 979 1176 a

241 1207 410 1240 quoquam,
431 1198 540 1241 quavis
563 1198 756 1239 auctoritate,
779 1198 913 1230 scienter
931 1198 977 1229 vel

241 1249 433 1292 ignoranter,
458 1251 626 1294 contigerit
649 1251 809 1291 attentari,
835 1251 977 1283 decerni-

241 1314 319 1336 mus.

284 1357 299 1400 ἓ
323 1356 352 1388 4.
382 1357 450 1390 Νοη
481 1357 676 1390 obstantibus
711 1358 856 1390 omnibus
894 1358 976 1399 illis,

240 1420 319 1454 quae
341 1410 371 1442 in
388 1411 591 1454 praeinsertis
607 1410 719 1443 litteris
741 1421 888 1443 concessa
906 1417 977 1443 sunt

241 1474 303 1497 non
319 1464 454 1504 obstare,
470 1464 644 1508 ceterisque
664 1464 830 1497 contrariis
850 1464 976 1507 quibus-

241 1527 385 1560 cumque.

284 1570 395 1603 Datum
415 1570 542 1610 Romae,
570 1570 652 1613 apud
681 1570 709 1603 S.
729 1570 856 1602 Mariam
883 1569 975 1601 Maio-

242 1632 318 1663 rem,
336 1622 393 1656 sub
411 1623 525 1655 annulo
550 1623 726 1662 Piscatoris,
747 1622 796 1654 die
816 1632 881 1655 xvn
900 1622 974 1654 iunii

241 1686 390 1716 nncxtvi,
406 1676 605 1719 pontificatus
622 1676 721 1709 nostri
739 1686 820 1708 anno
838 1685 869 1707 11.

276 1739 333 1766 nat.
350 1739 393 1766 die
411 1739 441 1765 17
462 1738 527 1765 iunii
547 1738 622 1773 1626,
640 1738 734 1773 pontis.
754 1746 823 1765 anno
839 1744 868 1764 Π.

564 1880 646 1913 va.

240 1961 449 2004 Confirmatio
473 1961 586 1994 Brevis
616 1960 816 1993 sanctissimi
849 1959 976 1992 domini

281 2015 385 2047 nostri
411 2015 536 2048 Urbani
565 2015 676 2057 Papae
710 2013 795 2046 VIII
824 2014 910 2045 circa
936 2013 975 2045 ti-

281 2068 420 2100 centiam
436 2067 608 2100 alienandi
628 2067 708 2099 bona
724 2066 908 2099 immobilia
926 2076 975 2098 ca-

282 2121 470 2152 nonicorum
486 2121 690 2163 regularium
715 2119 975 2162 conqrcyatae'om's

281 2172 509 2205 Lateranensis
531 2183 590 2216 pro
614 2174 737 2205 summa
755 2177 881 2205 centum
903 2172 974 2204 mil-

283 2224 366 2258 lium.
389 2230 551 2258 scutorum
564 2225 582 2257 ¹.

431 2305 627 2333 Innocentius
649 2306 727 2338 Papa
747 2306 779 2339 X,

379 2350 414 2376 ad
434 2350 569 2376 futuram
588 2349 631 2376 rei
651 2349 831 2376 memoriam.

1019 244 1138 277 litterae
1170 244 1200 276 in
1233 244 1327 277 simili
1358 244 1460 277 forma
1485 243 1612 285 Brevis,
1638 244 1755 277 tenoris

1018 297 1185 340 sequentis,
1210 297 1373 330 videlicet:
1910 329 1915 333 ,

1061 349 1076 392 ἓ
1099 349 1127 381 ’1.
1157 350 1305 382 Urbanus
1326 350 1415 394 Papa
1441 349 1531 389 VIII,
1548 349 1755 393 adfuturam
1797 361 1955 392 ssmyouqbant

1017 403 1065 434 rei
1081 404 1280 435 memoriam.
1299 404 1340 436 Ex
1360 403 1496 437 iniuncto
1514 403 1603 436 nobis
1620 403 1755 446 desuper
1771 389 1955 445 llllf'ffiffillfssss'-

1017 456 1204 498 apostolicae
1229 456 1387 489 servitutis
1419 456 1522 489 officio
1552 456 1590 488 ad
1615 467 1670 497 ea,
1696 466 1754 499 per
1769 442 1836 463 ΝΜ

1017 519 1096 550 quae
1121 509 1385 541 monasteriorum
1404 514 1434 541 et
1451 509 1585 541 aliorum
1610 509 1753 541 locorum

1017 561 1208 603 regularium
1226 562 1440 605 quorumlibet
1454 561 1658 602 indemnitati,
1673 571 1754 594 com-

1017 614 1127 655 modis,
1153 620 1244 658 atque
1269 615 1392 647 utilitati
1417 615 1600 654 consulitur,
1619 614 1753 646 libenter

1017 666 1222 709 intendimus,
1249 678 1283 700 ac
1308 668 1442 711 desuper
1467 667 1634 711 pastoralis
1658 666 1751 699 officii

1016 720 1112 753 nostri
1138 725 1243 763 partes
1275 721 1487 753 favorabiliter
1512 720 1750 763 interponimus,

1015 778 1109 815 prout
1133 774 1344 816 conspicimus
1369 774 1537 807 salubriter
1562 774 1592 805 in
1618 772 1751 805 Domino

1015 826 1169 869 expedire.
1204 828 1324 870 Exponi
1356 828 1510 870 siquidem
1536 827 1627 860 nobis
1651 836 1752 869 nuper

1015 879 1086 911 fecit
1110 879 1241 912 dilectus
1265 880 1348 913 silius
1374 881 1544 913 modernus
1569 880 1664 912 abbas
1684 890 1752 912 mo—

1014 933 1139 965 nasterii
1172 933 1203 965 B.
1229 933 1342 966 Mariae
1376 933 1413 966 de
1447 934 1524 966 Pace
1555 937 1751 976 nuncupatae

1014 986 1052 1018 de
1078 986 1168 1028 Urbe,
1195 987 1417 1019 canonicorum
1455 986 1648 1029 regularium
1675 995 1751 1018 con-

1014 1039 1207 1081 gregationis
1224 1040 1439 1073 Lateranensis
1457 1045 1486 1071 et
1504 1040 1596 1073 totius
1621 1049 1751 1080 congre-

1014 1092 1147 1134 gationis
1172 1093 1352 1125 huiusmodi
1377 1097 1564 1136 procurator
1585 1091 1750 1134 generalis,

1014 1146 1098 1188 quod
1123 1146 1326 1188 congregatio
1361 1146 1521 1189 praedicta
1554 1146 1652 1177 multo
1678 1154 1750 1176 aere

1013 1199 1113 1232 alieno
1146 1210 1216 1231 cum
1252 1201 1377 1231 camera
1413 1200 1520 1231 nostra
1556 1197 1750 1241 apostolic-¹⁴1,

1013 1251 1132 1283 ratione
1162 1251 1314 1284 montium
1346 1251 1549 1284 cameralium
1575 1250 1747 1283 nonnullo-

1013 1315 1146 1348 rumque
1167 1315 1317 1338 censuum
1339 1316 1396 1349 pro
1417 1304 1573 1338 solvendis
1596 1303 1749 1337 montium

1012 1368 1142 1390 suorum
1178 1358 1334 1390 fructibus
1367 1362 1563 1397 creatorum,
1589 1361 1750 1389 contracto

1011 1416 1138 1454 gravata
1156 1411 1327 1454 reperitur3
1346 1410 1429 1454 quod
1447 1410 1573 1453 quidem
1592 1408 1657 1442 aes¹
1675 1408 1750 1442 alie-

1011 1473 1085 1496 num
1104 1464 1204 1496 varias
1223 1463 1262 1496 ob
1278 1473 1387 1496 causas
1401 1463 1550 1495 hactenus
1567 1462 1749 1500 dissolvere,

1011 1527 1045 1549 ac
1057 1517 1246 1560 supradictis
1256 1517 1405 1550 oneribus
1416 1515 1624 1549 cameralibus
1635 1514 1752 1547 satissa-

1011 1580 1092 1610 cere,
1106 1570 1246 1613 aliosque
1263 1580 1375 1602 census
1393 1580 1486 1613 super
1503 1569 1604 1602 dictae
1622 1577 1752 1610 congre-

1011 1622 1145 1665 gationis
1169 1623 1260 1655 bonis
1277 1622 1440 1655 stabilibus
1461 1622 1498 1654 de
1518 1621 1644 1654 licentia
1661 1620 1749 1653 Sedis

1010 1675 1206 1718 Apostolicae
1223 1675 1388 1719 impositos
1405 1686 1462 1719 pro
1480 1674 1587 1708 dictis²
1600 1674 1749 1708 oneribus

1010 1729 1193 1771 extinguere
1210 1739 1271 1761 non
1286 1729 1397 1772 potuit,
1415 1739 1472 1761 nec
1491 1739 1562 1762 cum
1581 1727 1749 1761 ordinariis

1011 1781 1185 1814 redditibus
1209 1781 1337 1821 debita,
1362 1781 1476 1824 quibus
1501 1781 1623 1813 diversa
1646 1779 1747 1812 dictae

1010 1834 1265 1877 congregationis
1305 1834 1495 1868 monasteria
1536 1838 1744 1877 premuntur,

1010 1888 1191 1931 persolvere
1209 1891 1323 1931 posset.
1342 1887 1438 1921 Nobis
1452 1892 1621 1930 propterea
1646 1886 1748 1919 dictus

1011 1941 1180 1974 modernus
1205 1941 1303 1973 abbas
1327 1945 1357 1973 et
1381 1946 1569 1984 procurator
1585 1939 1747 1972 humiliter

1009 1994 1179 2037 supplicari
1196 1993 1276 2034 fecit,
1294 1998 1336 2035 ut,
1354 2004 1412 2037 pro
1432 1993 1593 2026 liberanda
1617 1993 1655 2025 ab
1674 2003 1746 2025 aere

1009 2047 1110 2080 alieno
1137 2047 1268 2090 aliisque
1293 2047 1442 2079 oneribus
1467 2046 1647 2079 huiusmodi
1676 2055 1746 2078 con-

1009 2101 1192 2143 gregatione
1216 2100 1385 2143 praedicta,
1403 2099 1461 2132 sibi
1483 2099 1639 2132 licentiam
1658 2104 1688 2131 et
1708 2099 1747 2130 sa-

1009 2155 1156 2186 eultatem
1182 2154 1263 2187 bona
1289 2153 1462 2186 immobilia
1487 2152 1523 2185 ad
1557 2151 1746 2184 monasteria

1009 2207 1262 2249 congregationis
1287 2206 1467 2239 huiusmodi
1492 2204 1664 2248 spectantia
1689 2214 1746 2247 pro

1009 2263 1133 2292 summa
1158 2265 1284 2293 centum
1316 2260 1450 2292 millium
1485 2264 1646 2291 scutorum
1671 2257 1746 2289 alie-

1008 2313 1100 2346 nandi
1125 2314 1309 2353 concedere,
1324 2314 1462 2356 aliasque
1479 2312 1613 2354 desuper
1630 2321 1746 2354 oppor-

1009 2371 1082 2399 tune
1107 2367 1274 2410 providere
1299 2366 1337 2399 de
1361 2366 1553 2407 benignitate
1573 2363 1746 2407 apostolica

282 2421 363 2454 Alias
388 2425 573 2454 emanarunt
597 2432 614 2453 a
634 2421 731 2453 felicis
748 2419 973 2453 recordationis
1008 2419 1222 2462 dignaremur.
1246 2420 1308 2452 Nos
1328 2419 1434 2461 igitur,
1451 2417 1551 2451 dictae
1572 2426 1745 2458 congrega-

240 2473 365 2507 Urbano
390 2475 472 2518 Papa
502 2474 564 2507 Vlll
598 2474 840 2518 praedecessore
865 2479 973 2507 nostro
1008 2472 1100 2505 tionis
1125 2472 1380 2511 necessitatibus,
1405 2475 1555 2514 quantum
1581 2479 1652 2501 cum
1678 2469 1741 2502 Do-

275 2545 286 2570 1
308 2543 475 2573 Praedictum
500 2545 584 2573 Breve
606 2545 722 2572 retertur
741 2545 822 2574 verbo
844 2548 922 2573 tenus
946 2545 972 2571 in

240 2588 290 2616 ime
306 2588 380 2616 Bulla
394 2591 407 2624 ς
428 2591 452 2617 t.

1044 2545 1053 2568 t
1074 2544 1218 2579 Perperam
1238 2542 1280 2569 ed.
1302 2542 1380 2568 Main.
1398 2541 1463 2575 legit
1477 2543 1502 2568 et
1518 2548 1565 2576 pro
1580 2549 1628 2567 aes
1644 2541 1680 2574 (n.
1695 2540 1743 2575 T.).

1040 2589 1056 2616 2
1071 2589 1160 2617 Verba
1171 2596 1226 2624 pro
1242 2588 1326 2616 dictis
1341 2594 1391 2614 nos
1408 2586 1531 2614 addimus
1547 2589 1584 2620 (n.
1601 2586 1648 2620 Τ,).
