2107 3142
120 197 167 219 An.
188 194 216 219 C.
237 195 302 219 1615

349 184 412 217 άῧί]

321 253 443 274 menses
468 242 506 273 ad
532 240 762 283 praescriptum
795 244 889 283 caput
911 239 1066 273 Pervenit

321 296 358 327 de
376 294 574 327 immunitate
592 293 809 332 ecclesiarum,
826 292 997 335 apostolica
1015 302 1066 324 au-

322 348 480 386 ctoritate,
507 351 615 378 tenore
639 345 863 389 praesentium,
889 345 1065 378 convalida—

322 410 401 431 mus.

366 453 381 495 g
405 452 434 484 4.
461 453 529 485 Non
550 451 746 484 obstantibus
766 452 956 495 apostolicis,
977 462 1013 484 ac
1036 452 1066 483 in

322 505 553 537 universalibus
577 504 889 547 provincialibusque
913 509 943 536 et
967 514 1063 547 syno-

322 559 446 590 dalibus
478 557 619 590 conciliis
651 557 759 597 editis,
785 557 987 600 generalibus
1019 557 1066 589 vcl

323 611 521 654 specialibus,
539 609 815 642 constitutionibus
840 615 870 641 et
894 609 1066 642 ordinatio-

323 664 426 703 nibus,
444 675 479 696 ac
499 663 671 707 quibusvis,
685 663 777 695 ctiam
797 663 984 703 iuramento,
998 673 1068 695 con-

323 717 501 750 firmatione
522 716 706 759 apostolica,
725 716 770 748 vel
793 716 902 758 quavis
918 716 1068 748 firmitate

323 770 382 802 alia
403 770 570 810 roboratis,
589 769 711 801 statutis
729 774 756 801 ct
776 768 1066 810 consuetudinibus,

324 823 497 865 privilegiis
522 832 658 865 quoque,
677 821 804 853 indultis
822 827 852 853 et
869 821 981 854 litteris
998 832 1069 864 apo-

324 875 441 908 stolicis
460 876 489 906 in
507 875 701 907 contrarium
723 874 971 917 praemissorum
989 884 1068 917 quo-

325 928 495 960 modolibet
521 928 688 966 concessis,
710 927 904 960 confirmatis
930 932 959 959 et
984 927 1069 959 inno-

324 981 418 1019 vatis,
444 981 559 1023 quibus
588 980 735 1012 omnibus
766 985 796 1011 et
825 979 972 1022 singulis,
998 980 1068 1011 illo-

324 1045 395 1066 rum
429 1039 554 1066 tenores
582 1033 800 1076 praesentibus
832 1043 891 1076 pro
923 1033 1015 1075 plene
1041 1036 1070 1065 ct

325 1087 517 1119 sufficienter
542 1086 696 1129 expressis
726 1096 760 1118 ac
778 1086 816 1118 de
832 1086 930 1118 verbo
948 1086 984 1117 ad
1004 1096 1069 1117 ver-

324 1141 400 1173 bum
428 1141 553 1172 insertis
579 1140 748 1179 habentes,
773 1139 834 1171 illis
859 1139 934 1171 alias
957 1139 989 1170 in
1013 1149 1069 1171 suo

326 1193 441 1225 robore
459 1193 685 1235 permansuris,
704 1192 741 1224 ad
762 1192 1010 1235 praemissorum
1032 1192 1071 1224 es-

325 1247 452 1285 sectum,
478 1247 535 1278 bac
561 1245 627 1277 vice
652 1245 823 1284 dumtaxat,
845 1245 1023 1288 specialiter
1041 1250 1070 1276 et

326 1310 473 1342 expresse
491 1299 693 1340 derogamug
711 1298 887 1340 ceterisque
905 1297 1070 1330 contrariis

326 1353 586 1395 quibuscumque.

370 1405 483 1437 Datum
503 1406 630 1444 Romae,
645 1404 728 1447 apud
744 1404 772 1436 S.
793 1404 929 1445 Petrum,
946 1404 1004 1436 sub
1021 1414 1071 1435 an-

326 1458 402 1490 nulo
423 1457 606 1496 Piscatoris,
627 1457 675 1489 die
693 1467 714 1488 11
732 1456 909 1489 decembris
930 1466 1070 1496 MDCva,

327 1512 529 1555 pontificatus
554 1511 652 1543 nostri
672 1520 753 1542 anno
773 1520 803 1542 n.

363 1574 423 1601 Dat.
439 1575 482 1601 die
498 1574 514 1600 2
530 1573 681 1600 decembris
697 1574 776 1605 1615,
795 1573 889 1607 pontis.
910 1580 980 1598 anno
998 1578 1024 1598 11.

635 1716 765 1748 Xm'lll.

331 1796 494 1828 Slatalum
511 1800 547 1827 ut
562 1795 768 1837 congyreqatio
783 1794 944 1836 [feneratis
967 1794 999 1824 in
1020 1792 1076 1825 So-

375 1849 488 1880 cielale
507 1848 580 1879 Iesu
607 1847 782 1878 celebretur
806 1845 939 1888 sinqulo
965 1855 1077 1877 noven-

374 1902 441 1940 m'O,
471 1911 573 1943 neque
597 1900 692 1931 illius
716 1900 886 1932 celebratio
907 1909 966 1941 per
989 1908 1078 1940 qene-

376 1954 501 1993 ralem,
531 1958 589 1985 aut
621 1953 902 1995 conyreyationem
930 1951 1077 1994 particu-

378 2002 480 2038 lare‘m
511 2006 560 2038 vel
592 2005 794 2047 qencralem,
828 2004 1001 2047 impediri,
1030 2003 1078 2036 fazet

377 2060 468 2092 ultra
492 2059 690 2091 novennium
715 2058 842 2100 differri
864 2056 994 2100 possit'.

531 2138 726 2165 Innocentius
748 2138 826 2170 Papa
846 2137 883 2170 X,

459 2183 496 2210 ad
516 2187 693 2216 perpetuam
713 2183 758 2209 rei
778 2181 961 2209 memoriam.

382 2254 396 2296 ξ
420 2254 450 2285 ¹1.
476 2253 633 2296 Prospero
661 2252 807 2295 felicique
832 2251 925 2283 statui
948 2251 1081 2284 Societa-

239 2292 320 2354 fsjissff
339 2307 376 2339 tis
404 2307 493 2346 lesu,
519 2316 599 2350 quae
631 2305 706 2337 viris
737 2305 851 2348 pietate
880 2310 910 2337 et
937 2304 1080 2338 doctrina

339 2359 514 2401 insignibus
532 2359 647 2391 referta
671 2358 787 2389 uberes
804 2357 835 2389 in
852 2357 940 2388 vinea
957 2357 1079 2389 Domini

339 2413 459 2444 fructus
496 2412 612 2453 iugiter
644 2410 810 2454 producit,
842 2420 900 2453 pro
932 2409 1081 2452 pastorali

339 2467 448 2497 nostra
480 2464 690 2498 sollicitudine
722 2463 887 2497 consulere
920 2462 1080 2504 volentes,

379 2581 386 2604 ί
409 2578 445 2604 Ex
462 2578 568 2613 liegest.
587 2580 612 2605 in
628 2580 729 2606 Secret.
749 2579 882 2605 Brevium.

900 192 1078 215 BULLARlUM
1105 192 1258 214 nOMANUM

1850 194 1899 218 An.
1920 194 1949 219 C.
1971 193 2039 220 1646

1099 239 1204 270 audita
1228 239 1366 282 desuper
1391 240 1576 273 dilectorum
1602 240 1739 273 filiorum
1758 250 1842 283 pres—

1099 291 1283 335 byterorum
1301 292 1494 333 regularium
1513 293 1652 338 eiusdem
1678 293 1842 325 Societatis

1099 344 1137 376 ad
1163 354 1312 388 praesens
1337 345 1368 376 in
1393 345 1477 378 Urbe
1501 346 1690 387 generaliter
1715 356 1774 389 pro
1798 347 1842 378 t'a-

1100 398 1209 430 cienda
1235 397 1306 430 novi
1330 397 1483 440 propositi
1508 398 1663 440 generalis
1690 399 1843 431 electione

1100 456 1366 492 congregatorum
1391 450 1564 489 sententia,
1590 455 1676 483 motu
1700 451 1842 493 proprio,

1100 513 1135 535 ac
1161 514 1196 535 ex
1218 504 1302 536 certa
1328 502 1459 535 scientia
1484 507 1514 535 et
1539 504 1664 535 matura
1688 503 1843 535 delibera-

1102 556 1184 588 tione
1208 556 1341 597 nostris,
1367 555 1468 598 deque
1492 555 1683 598 apostolicae
1707 559 1844 597 potesta-

1101 609 1139 640 tis
1164 608 1369 652 plenitudine,
1386 614 1420 640 ut
1444 608 1475 640 in
1496 612 1658 651 posterum
1684 608 1844 651 perpetuis

1100 663 1214 695 suturis
1240 662 1436 706 temporibus
1461 662 1665 704 congregatio
1690 661 1846 704 generalis

1101 716 1132 747 in
1155 715 1315 758 praedicta
1333 716 1486 749 Societate
1504 715 1629 757 singulo
1647 725 1773 757 quoque
1792 724 1847 747 no-

1103 768 1214 800 vennio
1229 768 1440 811 computando
1457 778 1582 810 semper
1599 778 1616 799 a
1633 767 1846 799 celebratione

1102 820 1229 853 ultimae
1261 820 1517 862 congregationis
1549 820 1705 861 generalis
1737 819 1844 851 baberi

1103 879 1132 905 ct
1149 873 1301 905 celebrari
1320 874 1449 905 omnino
1468 873 1589 913 debeat,
1604 872 1645 904 ita
1662 872 1747 915 quod
1763 872 1846 903 illius·

1103 926 1274 958 celebratio
1306 926 1392 958 nullo
1426 925 1541 966 inodo,
1576 935 1633 957 nec
1666 935 1703 957 ex
1737 926 1846 967 quavis

1103 981 1218 1019 causa,
1245 979 1309 1011 sive
1335 989 1392 1021 per
1417 978 1633 1021 praepositum
1667 978 1845 1019 generalem

1104 1043 1162 1075 pro
1188 1038 1332 1075 tempore
1354 1032 1548 1071 existentem,
1568 1031 1632 1063 sive
1658 1041 1715 1074 per
1739 1040 1848 1073 quani-

1104 1097 1239 1128 cumque
1254 1086 1532 1128 congregationem
1550 1085 1775 1128 particularem
1799 1086 1845 1117 vel

1104 1139 1296 1181 generalem,
1311 1138 1468 1181 impediri,
1486 1139 1535 1172 vel
1553 1139 1635 1170 ultra
1655 1137 1846 1170 novennium

1104 1192 1285 1224 huiusmodi
1310 1191 1431 1223 differri
1456 1201 1510 1223 seu
1535 1190 1703 1233 prorogari
1728 1190 1846 1232 possit;

1148 1246 1162 1287 ,ξ
1180 1245 1208 1277 02.
1232 1245 1395 1276 Praeterea
1413 1249 1457 1283 ut,
1474 1243 1735 1286 quotiescumque
1755 1243 1848 1275 habe·
1870 1286 1873 1287 ⁷
1891 1252 1975 1272 theano
1985 1257 2050 1282 pov-0-

1104 1297 1190 1330 bitur
1221 1303 1251 1329 et
1282 1296 1495 1329 celebrabitur
1523 1296 1727 1338 congregatio
1753 1305 1847 1338 gene·
1864 1280 2050 1330 {‚'‡,'',}‚m³⁵p⁵r'{‘e⁹s{¹51

1105 1350 1178 1381 ralis
1210 1349 1410 1388 huiusmodi,
1438 1349 1531 1381 toties
1554 1348 1626 1380 novi
1651 1348 1848 1386 assistentes,
1864 1334 2048 1381 i.'.{¹.2.·⁰{0¹i{³2‘r⁹51²?s

1104 1403 1143 1434 ab
1176 1402 1237 1434 illis
1275 1402 1366 1444 plane
1399 1401 1514 1433 diversi
1550 1400 1602 1443 qui
1641 1400 1849 1443 praecedente

1105 1455 1262 1487 novennio
1286 1453 1498 1486 assistentium
1524 1452 1704 1485 huiusmodi
1733 1462 1847 1484 mune·

1106 1507 1193 1539 ribus
1218 1506 1315 1539 suncti
1340 1505 1466 1547 fuerint,
1492 1505 1577 1547 eligi,
1604 1515 1659 1537 seu
1684 1504 1801 1537 assumi
1821 1509 1851 1537 et

1107 1560 1272 1603 deputari,
1298 1570 1333 1591 ac
1359 1559 1507 1599 deinum,
1532 1564 1566 1590 ut
1591 1568 1701 1590 omnes
1729 1561 1758 1590 et
1785 1558 1851 1590 sin·
1873 1566 2051 1603 ⁴neuquisupef

1107 1613 1172 1655 guli
1198 1612 1340 1645 ciusdem
1365 1612 1528 1644 Societatis
1553 1611 1774 1655 provinciales,
1801 1611 1848 1642 vi-
1867 1594 2054 1655 iiiiirgissirssxcffiiiss

1108 1666 1262 1706 sitatores,
1288 1665 1470 1708 praepositi,
1496 1669 1646 1704 rectores,
1672 1663 1853 1707 superiores
1868 1648 2053 1718 {ffiffgr‘iuiigioet}{

1109 1719 1223 1751 locales
1263 1723 1292 1752 et
1327 1718 1379 1750 alii
1420 1718 1569 1750 officiales
1603 1716 1852 1749 iurisdictionem
1869 1725 1925 1745 honr.

1109 1783 1163 1805 seu
1178 1772 1433 1815 superioritatem
1452 1771 1602 1804 habentes
1616 1770 1854 1814 quomodolibet

1110 1825 1292 1868 nuncupati,
1314 1825 1452 1868 exceptis
1466 1824 1626 1866 magistris
1649 1823 1853 1864 novitiorum,

1111 1878 1156 1910 ct¹
1172 1888 1282 1910 eorum
1301 1877 1475 1920 respective
1501 1876 1698 1916 muneribus
1715 1875 1855 1918 superio-

1112 1931 1274 1970 ritatibus,
1300 1930 1500 1970 ministeriis,
1530 1928 1856 1961 administrationibus

1113 1989 1142 2016 et
1155 1984 1266 2016 olliciis
1280 1983 1449 2026 praedictis
1465 1982 1763 2026 quomodocumque
1780 1991 1856 2013 nun·

1113 2037 1234 2080 cupatis
1264 2047 1322 2079 per
1353 2035 1524 2068 triennium
1555 2035 1717 2068 dumtaxat
1741 2034 1857 2066 durare

1112 2091 1257 2130 debeant,
1275 2100 1373 2133 eaque
1393 2090 1500 2133 elapso
1520 2088 1656 2121 triennio
1673 2087 1854 2120 huiusmodi

1113 2154 1150 2176 eo
1168 2144 1236 2186 ipso
1252 2148 1362 2176 vacent
1377 2148 1408 2175 et
1422 2152 1534 2175 vacare
1550 2146 1747 2181 censeantur,
1762 2141 1858 2184 ipsos-

1113 2196 1196 2240 que²
1226 2196 1264 2228 ad
1289 2196 1349 2229 alia
1376 2195 1504 2239 quaevis
1536 2195 1676 2228 eiusdem
1694 2193 1857 2227 Societatis

1114 2260 1256 2289 munera,
1281 2249 1529 2293 superioritates‚
1554 2247 1738 2287 ministeria,
1763 2247 1859 2279 admi-

1114 2303 1316 2336 nistrationes
1333 2308 1363 2335 et
1380 2302 1483 2335 officia
1506 2301 1669 2345 praedicta
1686 2299 1859 2344 quomodo-

1114 2356 1190 2388 libet
1220 2360 1421 2399 nuncupata,
1446 2354 1540 2387 ctiam
1571 2352 1857 2396 viceprovincialis,

1115 2420 1170 2441 scu
1196 2407 1445 2452 vicepraepositi,
1463 2407 1510 2440 vel
1531 2405 1743 2445 vicerectoris,
1756 2405 1858 2437 nnlla-

1116 2467 1206 2494 tenus
1231 2461 1304 2503 eligi
1330 2471 1384 2494 seu
1409 2460 1526 2493 assumi
1561 2459 1609 2492 vel
1634 2458 1778 2502 deputari
1810 2467 1860 2490 va-

1153 2534 1163 2559 i
1180 2532 1229 2558 Pro
1241 2535 1267 2559 el
1277 2531 1384 2558 videtur
1395 2531 1484 2566 potius
1494 2531 1526 2558 in
1537 2538 1596 2557 esse
1611 2529 1754 2564 legendum
1767 2529 1858 2563 (axin).

1151 2577 1166 2602 ς2
1189 2576 1276 2602 Potius
1297 2576 1355 2610 lege
1377 2576 1486 2609 ipsique
1505 2575 1546 2609 (n.
1564 2574 1604 2607 Τ.)
