2107 3142
16 190 67 216 An.
86 186 115 214 C.
133 187 199 213 1645

811 186 1019 209 INNOCENTIUS
1045 186 1065 209 X
1091 187 1137 208 Pr.

215 239 242 266 et
257 233 325 276 ipsa
337 237 425 276 parte
438 233 542 275 aliquo
564 232 657 265 modo
671 242 734 265 non
754 232 954 273 concordata,

215 286 346 318 arbitrio
360 285 540 318 earumdem
554 295 773 329 personarum,
787 291 818 318 et
830 286 955 328 quando

217 339 278 370 illis
299 338 338 370 ita
360 337 526 377 videbitur,
540 343 602 370 tam
622 348 679 381 per
696 338 776 370 viam
791 338 955 371 revisionis

218 400 340 431 causae,
360 391 407 422 vel
428 391 678 433 compositionis,
702 396 756 423 aut
779 396 954 423 commuta-

219 443 312 475 tionis
336 448 365 475 et
390 443 614 476 moderationis
637 453 773 486 poenae,
798 453 893 486 quam
917 453 953 475 ex

219 497 306 528 mera
331 495 442 538 gratia,
470 495 500 527 in
525 496 593 528 soro
619 496 675 534 sori
701 495 896 535 absolvendi,
926 501 956 527 et

217 549 255 580 ad
280 548 424 591 patriam,
449 549 573 588 samam,
598 548 725 591 gradus,
742 548 889 587 honores,
914 548 956 580 di-

218 602 352 644 gnitates
377 607 408 633 et
431 601 533 634 officia
557 611 592 633 ac
616 601 698 633 bona
720 610 955 643 quaecumque,

218 655 310 686 etiam
341 654 418 686 fisco
451 654 673 697 incorporata,
708 658 803 696 prout
837 653 955 685 eisdem

217 707 360 750 personis
384 706 520 747 libuerit,
546 717 582 738 ac
602 706 633 738 in
649 706 817 749 pristinum
835 711 866 738 et
885 717 956 738 enm

218 761 249 791 iu
270 770 332 803 quo
345 765 416 791 ante
435 764 556 802 patrata
581 759 693 791 delicta
716 764 767 791 aut
793 764 957 802 sequutam

219 813 512 845 condemnationem
549 812 787 855 reperiebantur
821 817 957 852 statum,

219 865 286 898 sine
311 865 442 897 Romani
468 865 627 898 Pontilicis
653 876 711 908 pro
737 870 878 908 tempore
896 865 959 897 exi-

221 919 329 951 stentis
352 924 405 950 aut
430 918 570 951 cuiusxis
594 918 723 950 alterius
754 928 907 961 personae
932 929 960 950 e-

222 971 296 1008 tiam
325 970 488 1014 apostolici
514 970 552 1003 de
576 971 672 1002 latere
703 971 796 1013 legati
826 971 960 1010 licentia,

220 1024 421 1065 restituendi,
447 1024 619 1067 reponendi
653 1029 682 1055 et.
714 1024 854 1067 plenarie
878 1025 960 1057 rein-

221 1077 374 1119 tegrandi‚
399 1088 434 1109 ac
459 1087 583 1109 omnem
610 1077 837 1110 inhabilitatem
863 1083 893 1109 et
918 1077 962 1109 in-

223 1131 350 1162 famiam
376 1130 534 1169 abolendi,
559 1136 651 1173 atque
676 1130 792 1162 nedum
818 1141 893 1172 erga
917 1131 961 1162 sa-

224 1183 388 1216 cinorosos
413 1186 442 1216 et
461 1183 531 1215 eos¹
559 1194 594 1215 ac
618 1183 696 1215 alios
721 1183 813 1215 liuius
838 1185 963 1226 generis

223 1237 368 1269 homines
392 1236 590 1279 supradictos
614 1236 758 1269 bannilos
787 1241 817 1270 et
845 1237 962 1269 conde-

223 1295 355 1329 mnatos,
380 1299 416 1321 ac
440 1289 633 1321 banniendos
654 1294 683 1320 et
697 1289 962 1330 condemnandos,

223 1348 257 1374 ut
280 1342 473 1385 praefertur,
499 1342 551 1374 sed
578 1342 670 1374 etiam
696 1352 771 1384 erga
785 1348 963 1375 carceratos

222 1401 254 1428 et
276 1405 475 1438 quacumque
500 1395 537 1428 de
561 1397 654 1428 causa
677 1397 706 1428 in
728 1402 889 1439 posterum
907 1408 964 1440 per

225 1448 343 1480 iudices
369 1453 399 1480 et
423 1448 557 1481 iustitiae
591 1449 751 1481 ministros
781 1449 962 1491 civitatum,

226 1507 394 1540 terrarum,
418 1507 605 1541 castrorum,
630 1501 842 1534 dominiorum
861 1507 890 1534 et
909 1508 966 1534 ter-

226 1553 410 1587 ritoriorum
437 1554 682 1597 praedictorum,
704 1565 740 1586 ae
766 1564 822 1597 per
848 1555 965 1586 iudices

227 1607 321 1639 etiam
346 1607 441 1639 totius
465 1608 568 1639 Status
593 1607 819 1646 Ecclesiastici,
844 1618 965 1639 necnon

227 1660 471 1701 gubernatorem
487 1666 515 1693 et
529 1661 606 1692 alios
624 1660 742 1692 iudices
755 1664 782 1693 et
799 1660 967 1692 tribunalia

230 1713 332 1754 Urbis,
357 1713 459 1756 quoad
484 1713 623 1745 subditos
648 1713 880 1756 praedictarum
902 1724 969 1756 per-

229 1776 389 1806 sonarum,
406 1772 439 1798 ut
452 1767 674 1809 praemittitur,
693 1778 751 1809 pro
769 1766 970 1809 quibuscum-

229 1829 290 1862 que
308 1819 399 1850 etiam
427 1824 459 1851 ut
484 1820 661 1862 praefertur
683 1830 718 1851 ac
747 1820 840 1851 etiam
870 1819 969 1861 magis

233 1872 418 1914 qualilicatis
442 1878 472 1903 et
496 1872 705 1905 atrocioribus
740 1873 831 1904 etiam
869 1872 970 1904 laesae

233 1924 403 1957 maiestatis
428 1925 548 1958 delictis
573 1931 602 1957 et
626 1925 806 1957 excessibus
838 1926 970 1968 quibus-

234 1988 378 2020 cumque,
397 1983 458 2010 tam
476 1978 507 2010 in
527 1978 713 2019 civitatibus,
732 1978 836 2018 terris,
850 1979 971 2018 castris,

233 2030 330 2072 locis,
363 2030 510 2063 dominiis
546 2037 575 2063 et
608 2031 775 2064 territoriis
807 2032 972 2075 praefatis,

235 2093 328 2125 quam
352 2089 439 2116 extra
453 2084 505 2115 illa
519 2084 549 2115 in
567 2084 655 2116 Statu
672 2085 901 2124 Ecclesiastico,
918 2095 972 2117 seu

234 2136 320 2175 alibi,
345 2146 380 2168 ac
405 2137 496 2168 etiam
513 2137 542 2169 in
557 2137 649 2177 Urbe,
665 2148 721 2180 per
735 2138 877 2170 subditos
890 2148 974 2178 suos,

235 2199 358 2221 necnon
383 2189 474 2221 etiam
501 2200 556 2232 per
580 2200 641 2222 non
667 2190 830 2230 subditos,
856 2201 914 2234 pro
939 2191 976 2223 si-

239 2241 366 2273 milibus
391 2241 511 2274 delictis
536 2246 566 2275 et
591 2243 777 2275 criminibus
802 2243 832 2275 in
858 2243 975 2276 eisdem

239 2293 427 2333 civitatibus,
454 2295 554 2335 terris,
580 2295 701 2335 castris,
726 2296 813 2336 locis,
830 2296 977 2328 dominiis

238 2352 268 2378 et
291 2346 460 2379 territoriis
484 2347 659 2380 commissis
675 2354 852 2381 carceratos
869 2354 899 2381 et
916 2360 976 2381 car·

240 2400 401 2440 cerandos,
415 2411 450 2434 ac
464 2411 498 2433 ex
517 2412 715 2445 quacumque
726 2403 820 2434 eausa
837 2402 979 2436 detentos

238 2458 271 2484 et
294 2459 481 2494 arrestatos,
507 2464 541 2486 ac
566 2464 623 2497 per
648 2454 766 2487 iudices
791 2460 821 2487 et
844 2455 979 2487 iustitiae

281 2569 291 2594 1
317 2568 410 2596 Nescio
425 2578 458 2597 an
475 2570 617 2606 legendum
637 2580 699 2598 reos
719 2579 767 2606 pro
787 2580 831 2599 eos
851 2571 889 2607 (R.
905 2572 952 2606 Τ.).

1630 176 1688 207 431

989 233 1148 266 ministros
1166 233 1336 274 civitatum,
1352 238 1519 273 terrarum,
1539 238 1729 273 castrorum,

988 286 1152 325 locorum,
1186 285 1399 317 dominiorum
1432 290 1463 317 et
1494 285 1729 318 territoriorum

988 337 1222 380 praedictorum
1258 337 1482 371 condemnatos
1515 348 1570 371 seu
1607 339 1728 371 conde-

989 390 1151 430 mnandos,
1176 396 1237 422 tam
1255 396 1325 422 ante
1340 401 1434 434 quam
1455 396 1525 434 post
1542 391 1729 431 sententiam

989 449 1018 476 et
1042 443 1344 485 condemnationem,
1370 444 1436 476 sive
1460 455 1611 488 poenam,
1636 445 1729 479 etiam

989 497 1171 540 capitalem,
1197 502 1227 528 et
1251 496 1353 529 ultimi
1382 497 1548 540 supplicii,
1572 508 1608 530 ae
1633 498 1727 531 etiam

990 550 1188 589 triremium,
1213 559 1267 582 seu
1296 549 1388 581 aliam
1413 560 1664 593 quamcumque,
1697 557 1729 584 ut

990 602 1177 644 praefertur,
1202 602 1345 645 corporis
1369 602 1559 643 afflictivam,
1579 613 1614 635 ae
1631 603 1730 636 bono-

991 664 1060 686 rum
1086 659 1116 686 et
1139 655 1320 686 facultatum
1355 655 1385 686 in
1414 660 1479 687 toto
1505 656 1552 687 vel
1579 655 1609 687 in
1641 661 1730 699 parte

991 706 1202 739 distractivam
1227 712 1257 739 et
1281 707 1478 749 privativam,
1496 718 1531 740 ac
1551 708 1643 741 etiam
1661 715 1733 752 post

992 760 1107 792 realem
1134 759 1402 793 transmissionem
1428 761 1539 793 factam
1559 772 1614 794 seu
1632 773 1732 805 quan-

992 813 1170 856 documque
1194 813 1366 845 faciendam
1385 814 1423 846 ad
1441 814 1595 855 triremes,
1613 820 1643 848 et
1657 815 1731 848 dum

992 866 1067 898 inibi
1092 866 1230 898 damnati
1255 866 1292 898 ad
1318 872 1439 898 certum
1464 872 1586 911 tempus
1611 878 1665 900 seu
1694 869 1733 901 ad

995 920 1086 951 vitan]
1113 924 1297 959 morantur,
1323 920 1537 960 facultatibus,
1563 921 1734 954 auetorita—

995 972 1077 1004 tibus
1101 977 1131 1015 et
1154 972 1359 1015 potestatibus
1384 973 1571 1016 supradictis
1593 974 1731 1016 parisor—

996 1026 1087 1057 miter
1111 1030 1141 1057 et
1170 1025 1287 1068 absque
1313 1025 1376 1057 ulla
1403 1036 1533 1068 prorsus
1558 1026 1735 1059 differentia

996 1078 1027 1110 in
1051 1078 1198 1110 omnibus
1222 1083 1253 1110 et
1270 1088 1325 1121 per
1342 1078 1447 1111 omnia
1464 1089 1590 1122 semper
1604 1079 1748 1123 ubique,v

996 1131 1088 1163 etiam
1115 1131 1145 1162 in
1170 1131 1245 1174 ipsis
1277 1131 1457 1163 carceribus
1482 1137 1511 1163 et
1536 1131 1735 1172 triremibus,

996 1184 1119 1223 utendiy
1145 1194 1259 1227 easque
1284 1184 1449 1216 exercendi
1479 1191 1508 1216 et
1540 1186 1732 1227 exequendi,

996 1247 1117 1270 necnon
1143 1237 1286 1269 homines
1311 1237 1491 1269 huiusmodi
1509 1237 1736 1280 delinquente&

997 1300 1078 1329 reos,
1099 1294 1272 1328 accusatos,
1289 1294 1466 1321 carceratos
1487 1295 1517 1321 ct
1537 1296 1648 1332 sponte
1666 1301 1738 1323 con>

997 1343 1131 1382 stitutos,
1146 1348 1353 1385 processatOS,
1367 1352 1402 1374 ac
1412 1352 1466 1374 eos
1480 1348 1509 1374 ct
1523 1353 1740 1387 quoscumque

997 1396 1084 1435 alios,
1109 1396 1202 1428 etiam
1227 1395 1265 1427 ad
1291 1395 1436 1427 triremes
1460 1396 1687 1429 condemnatos
1711 1404 1742 1429 et

997 1454 1068 1483 actu
1094 1450 1241 1491 remiges,
1266 1449 1359 1481 etiam
1385 1449 1656 1482 condemnationis
1684 1461 1739 1483 seu

999 1502 1199 1544 relegationis
1225 1505 1366 1544 ttunpore
1397 1501 1536 1534 nondum
1566 1502 1676 1542 finito,
1711 1508 1742 1534 et

999 1554 1190 1587 accusandos
1215 1554 1279 1585 sive
1303 1554 1518 1594 arrestandos,
1545 1554 1591 1586 rel
1608 1554 1646 1586 de
1671 1555 1740 1587 cri—

1001 1607 1083 1638 mine
1108 1617 1306 1649 quocumque
1337 1606 1518 1649 supradicto
1555 1613 1741 1650 suspectos,

1001 1660 1119 1692 delatos
1145 1666 1173 1691 et
1199 1658 1406 1699 deserendos,
1438 1660 1476 1691 ab
1510 1660 1656 1692 omnibus
1681 1661 1744 1693 illis

1003 1724 1060 1755 pro
1086 1718 1228 1755 tempore
1252 1712 1412 1754 imputatis
1437 1718 1467 1744 et
1489 1718 1599 1745 contra
1623 1724 1677 1745 eos
1695 1713 1746 1745 de-

1003 1765 1072 1797 latis
1107 1765 1291 1797 criminibus
1322 1765 1503 1797 huiusmodi
1538 1766 1743 1808 absolvendi,

1004 1818 1176 1860 gratiandi,
1202 1818 1353 1850 liberandi
1370 1845 1376 1858 ,
1403 1828 1519 1861 poenas
1532 1819 1720 1851 >remittendi
1736 1846 1743 1858 ‚

1004 1872 1231 1912 commutandi,
1257 1871 1456 1912 moderamii,
1483 1882 1555 1903 cum
1580 1872 1743 1915 quibusvis

1005 1924 1141 1967 desuper
1165 1924 1397 1967 componendi,
1429 1925 1674 1967 compositiones
1700 1931 1746 1957 ta-

1006 1977 1095 2010 xandi
1112 2004 1119 2017 ,
1144 1982 1173 2009 et
1197 1977 1241 2009 sie
1265 1977 1445 2019 absolutos,
1472 1978 1643 2020 gratiatOS,
1668 1979 1746 2011 libe-

1007 2037 1090 2063 ratos
1121 2036 1149 2063 et
1181 2031 1330 2063 remissos
1362 2031 1399 2062 ad
1431 2031 1586 2074 patriam,
1612 2032 1748 2072 samam,

1007 2085 1144 2117 honores
1168 2088 1197 2117 et
1220 2085 1302 2116 bona
1327 2095 1555 2128 quaecumque,
1580 2090 1610 2117 et
1634 2085 1665 2116 in
1689 2086 1751 2128 pri-

1008 2138 1123 2170 stinum
1148 2141 1262 2170 statum
1285 2137 1479 2177 restituendi,
1497 2148 1688 2181 omnemque
1709 2139 1752 2170 in-

1009 2191 1134 2222 famiam
1160 2196 1190 2223 et
1214 2191 1441 2223 inhabilitatem
1475 2191 1619 2224 abolendi

1009 2249 1104 2284 tates,

1055 2298 1069 2340 ἓ
1093 2296 1145 2329 43.
1171 2298 1214 2329 Ac
1239 2297 1368 2330 ulterius
1402 2308 1616 2340 quascumque
1647 2307 1753 2329 exem-

1011 2351 1143 2393 ptiones⁷
1162 2361 1216 2383 seu
1235 2351 1527 2394 comprehensionis
1547 2350 1755 2391 exclusiones,

1012 2409 1065 2435 aut
1088 2414 1151 2436 non
1173 2403 1460 2447 comprehendendi
1479 2403 1706 2435 declarationes
1723 2408 1754 2435 et

1012 2456 1211 2500 exceptiones
1236 2467 1252 2488 a
1277 2456 1550 2489 constitutionibus
1568 2456 1755 2490 recolendae

1014 2510 1186 2543 memoriae
1206 2509 1275 2542 Iulii
1296 2509 1396 2551 Papae
1417 2509 1466 2548 ΙΙΙ,
1480 2519 1515 2541 ae
1536 2509 1609 2542 dicti
1629 2509 1706 2543 Sixti
1722 2511 1756 2553 V,

1014 2568 1044 2596 et
1067 2563 1201 2596 aliorum
1230 2562 1415 2606 quorumvis
1438 2561 1624 2596 Pontificum
1646 2563 1757 2597 Roma-

1655 2191 1751 2223 sacul-

1741 186 1794 212 An,
1813 185 1843 212 C.
1860 185 1928 213 1645

1806 2306 1953 2335 Quascumque

1769 2335 1914 2359 exemptiones
1921 2349 1926 2357 ,
