2107 3142
1 185 50 213 An.
69 183 98 211 C.
115 182 181 210 1647

197 230 351 274 expressis
364 230 482 274 poenis,
498 231 675 264 nullatenus
692 241 842 275 umquam
859 243 930 276 pos-

195 288 274 322 sent,
291 283 452 323 auderent,
477 294 531 316 seu
555 290 803 327 praesumerent,
827 285 932 318 decre-

196 338 326 378 tumque
350 335 464 377 fuerit,
498 336 649 380 quidquid
681 337 712 370 in
736 338 930 370 contrarium

194 388 442 431 praemissorum
475 389 670 423 infuturum
703 390 847 423 attentari
879 396 931 423 aut

196 450 214 473 a
243 441 321 474 Sede
352 442 490 484 praesuta
522 443 649 475 concedi
685 443 732 475 vel
768 443 930 486 impetrari

196 493 264 526 sine
284 494 434 537 praedicti
459 507 517 538 pro
538 501 680 539 tempore
697 496 855 529 existentis
871 497 931 539 pri-

195 547 323 580 modicti
338 547 461 581 Ordinis
475 549 590 592 prioris
609 550 764 592 generalis
778 559 931 582 consensu

196 600 387 643 contigisset,
406 602 482 634 illud
496 602 630 642 irritum,
643 602 764 634 nullum
783 607 812 635 et
830 602 930 642 inane,

195 653 373 697 nulliusque
396 655 522 688 roboris
545 661 598 687 aut
622 654 788 695 momenti,
813 665 847 687 ac
872 665 930 698 pro

197 706 311 740 infecto
346 707 535 748 haberetur,
559 708 618 740 nisi
649 708 796 751 praefatis
820 708 931 740 litteris

197 759 380 792 eorumdem
405 760 617 793 Romanorum
635 760 820 794 Pontificum
845 770 931 803 prae-

196 811 396 845 decessorum
413 819 606 853 nostrorum,
624 824 687 846 non
703 824 759 857 per
777 814 931 846 clausulas

195 865 369 907 generales,
387 865 440 898 sed
464 865 503 898 de
527 866 623 899 verbo
647 866 685 898 ad
704 866 844 907 verbum,
862 866 931 909 ipso

197 917 306 961 priore
338 919 476 961 generali
512 925 541 951 ct
575 929 630 952 seu
654 919 769 952 Ordine
793 920 931 962 praefato

196 970 331 1014 desuper
356 973 578 1012 consentiente,
603 972 787 1014 derogatum
810 973 931 1014 suisset)

195 1023 400 1057 nihilominus
423 1025 527 1058 dilecti
551 1025 605 1057 filii
623 1026 734 1057 fratres
752 1025 930 1058 Discaiceati

198 1076 456 1119 Congregationis
492 1078 639 1111 Franciae
675 1078 799 1111 Ordinis
834 1079 930 1111 sancti

196 1130 360 1172 Augustini
385 1131 562 1164 huiusmodi
581 1131 611 1163 in
628 1131 693 1163 dies
711 1131 827 1163 eisdem
846 1142 932 1174 prae-

194 1183 300 1216 missis
331 1184 547 1217 contravenire
582 1194 644 1217 non
681 1190 846 1223 verentur,
877 1194 927 1216 sa-

196 1240 346 1278 tagentes,
371 1248 434 1270 non
459 1238 524 1269 sine
549 1247 663 1280 magno
680 1237 930 1270 christifidelium

197 1288 406 1331 offendiculo,
435 1300 471 1323 ac
495 1290 688 1332 regularium
725 1300 930 1333 personarum

198 1343 444 1385 perturbatione,
463 1343 662 1383 monasteria,
676 1347 855 1383 conventus,
876 1343 929 1375 do-

196 1405 265 1429 mos
281 1401 310 1428 et
330 1396 389 1428 alia
406 1397 561 1439 regularia
578 1397 645 1430 loca
665 1396 848 1430 eorumdem
870 1396 933 1439 pri-

197 1449 406 1483 modictorum
424 1450 556 1482 fratrum
578 1451 608 1482 in
629 1456 693 1483 toto
711 1450 775 1482 sere
792 1449 930 1482 eiusdem

197 1512 295 1545 regno
312 1502 461 1535 Franciae
478 1513 644 1546 occupare,
662 1507 756 1547 prout
775 1503 856 1535 inter
873 1503 931 1535 alia

197 1556 366 1589 novissime
391 1562 576 1589 conventum
602 1557 823 1589 Massiliensem
844 1566 932 1589 occu-

198 1612 322 1652 parunt,
336 1609 399 1641 suis
414 1609 544 1643 sortasse
562 1608 845 1648 constitutionibus,
855 1619 932 1651 quas

197 1661 384 1694 novissimas
404 1666 515 1694 vocant
531 1667 561 1694 et
583 1667 725 1694 asserunt
748 1661 932 1694 auctoritate

198 1714 370 1756 apostolica
389 1714 598 1755 confirmatas,
616 1714 723 1754 innixi,
741 1714 772 1746 in
797 1724 930 1757 quarum

198 1771 278 1811 part.
296 1777 323 1809 1,
349 1778 414 1810 cap.
445 1778 464 1800 v
488 1768 534 1801 De
554 1772 621 1801 voto
645 1768 846 1811 paupertatis
871 1768 886 1810 ἓ
911 1777 931 1799 ιι

198 1820 277 1853 haee
295 1820 388 1853 verba
406 1821 581 1854 habentur:
605 1821 807 1854 «Conventus
829 1826 930 1853 autem

197 1873 226 1906 S.
245 1873 276 1906 P.
295 1874 329 1906 N.
347 1874 511 1916 Augustini
536 1874 641 1907 licebit
660 1879 823 1917 acceptare
841 1879 870 1906 et
886 1884 932 1906 re-

199 1926 346 1966 formare,
363 1937 399 1959 ac
416 1927 446 1959 in
464 1927 508 1959 eis
525 1927 606 1961 vices
623 1933 653 1960 et
669 1927 841 1960 ministeria
861 1927 933 1960 alio-

200 1990 269 2012 rum
296 1980 514 2022 religiosorum
541 1981 730 2023 supplere».
748 1980 859 2020 Quare,
876 1991 933 2023 per

200 2033 344 2065 eumdem
369 2033 561 2066 Salvatorem
586 2038 825 2076 procuratorem
843 2044 933 2076 gene-

200 2086 297 2118 ralem
322 2086 427 2119 habito
451 2086 488 2118 ad
514 2086 706 2119 venerabiles
736 2087 849 2119 fratres
877 2096 933 2119 no-

200 2144 281 2172 stros
317 2145 441 2172 sanctae
465 2140 622 2172 Romanae
646 2140 802 2172 Ecclesiae
833 2139 934 2172 cardi-

200 2192 285 2224 nales
308 2192 441 2234 negotiis
465 2197 495 2224 et
515 2192 795 2224 consultationibus
816 2192 931 2235 episco-

202 2255 315 2288 porum
331 2250 359 2277 et
373 2245 564 2287 regularium
578 2245 774 2288 praepositos
793 2255 933 2286 recursu,

201 2297 360 2340 petitoque
384 2298 522 2340 praefata
540 2297 634 2329 verba
658 2297 839 2330 earumdem
859 2308 932 2331 con-

202 2350 397 2382 stitutionum
431 2350 673 2382 novissimarum
699 2350 793 2392 (cum
819 2350 850 2382 in
874 2350 933 2383 illis

201 2403 388 2445 generaliter
412 2403 553 2446 apposita
576 2403 691 2435 suerint
720 2403 805 2435 nulla
830 2403 934 2435 habita

201 2455 321 2488 ratione
344 2456 382 2488 de
405 2456 595 2500 praemissis,
609 2461 639 2488 et
665 2466 721 2499 per
745 2455 841 2488 dictas
858 2466 934 2489 con-

202 2507 397 2551 stitutiones,
422 2509 603 2552 litterasque
627 2508 836 2552 apostolicas,
871 2509 935 2541 illa-

201 2570 271 2594 rum
297 2562 545 2596 confirmatorias
578 2561 724 2605 praefatis
755 2561 934 2595 earumdem

790 184 998 209 INNOCENTIUS
1022 185 1042 208 X
1064 185 1111 208 PP.

1604 174 1668 207 509
1715 183 1764 209 An.
1784 182 1896 211 01647

964 233 1177 265 Romanorum
1202 231 1387 264 Pontificum
1421 230 1700 275 praedecessorum

964 290 1145 317 nostrorum
1172 284 1283 316 litteris
1300 284 1476 316 nullatenus
1492 283 1530 316 de
1550 283 1645 316 verbo
1663 282 1701 315 ad

964 337 1093 370 verbum
1129 337 1313 379 derogatum
1346 337 1459 377 fuerit,
1490 337 1630 369 minusve
1653 335 1702 368 de-

964 400 1058 433 super
1089 395 1163 423 tunc
1195 390 1330 422 existens
1365 390 1543 433 primodicti
1578 388 1702 422 Ordinis

964 443 1054 486 prior
1078 443 1233 486 generalis
1257 443 1459 483 consenserit,
1476 443 1573 475 immo
1594 442 1701 475 sedulo
1720 467 1726 479 ,

964 502 994 528 et
1018 506 1166 539 expresse
1191 496 1423 539 reclamaverit)
1444 496 1536 537 nulla,
1562 505 1648 528 cassa
1672 499 1702 527 et

964 548 1053 581 irrita
1076 549 1244 590 declarari,
1271 550 1309 582 ab
1344 549 1461 582 eisdem
1488 548 1700 581 cardinalibus

964 602 1119 634 emanavit
1143 602 1303 635 decretum
1328 603 1444 636 tenoris
1468 602 1634 646 sequentis,
1660 600 1701 633 vi-

964 654 1092 687 delicet:

1008 707 1023 749 §
1040 707 1068 739 2.
1092 720 1104 738 «
1123 708 1217 740 Sacra
1234 709 1436 751 congregatio
1450 713 1574 741 sanctae
1590 708 1700 740 Roma-

964 770 1022 792 nae
1041 761 1195 794 Ecclesiae
1213 762 1416 795 cardinalium
1435 762 1568 805 negotiis
1585 766 1614 795 et
1629 772 1700 794 con—

965 812 1184 846 sultationibus
1209 813 1429 857 episcoporum
1451 820 1481 847 ct
1506 814 1699 856 regularium

965 866 1163 908 praeposita,
1194 867 1307 899 auditis
1337 868 1459 911 saepius
1484 868 1646 911 partibus,
1671 872 1701 900 et

965 923 994 950 et
1010 918 1060 951 SS.
1081 919 1114 951 D.
1132 920 1166 952 N.
1185 926 1351 959 annuente,
1372 921 1493 953 censuit
1519 921 1612 953 verba
1637 920 1700 959 illa,

965 981 1043 1013 quae
1061 972 1208 1014 leguntur
1226 973 1255 1005 in
1273 974 1546 1007 constitutionibus
1569 974 1700 1006 fratrum

966 1023 1226 1057 Discalceatorum
1242 1026 1338 1058 sancti
1355 1026 1518 1068 Augustini
1533 1035 1702 1068 congrega-

966 1077 1057 1109 tionis
1083 1077 1199 1110 Galliae
1223 1079 1391 1111 novissime
1412 1079 1571 1122 impressis
1585 1085 1663 1122 part.
1681 1088 1701 1120 Ι,

965 1139 1033 1172 cap.
1047 1139 1076 1169 v,
1094 1131 1140 1163 De
1157 1136 1225 1163 roto
1242 1133 1456 1175 paupertatis,
1474 1132 1533 1174 ἓυ,
1548 1132 1701 1171 videlicet,

971 1194 982 1213 κ
997 1182 1172 1215 Conventus
1185 1191 1288 1217 autem
1305 1185 1333 1217 S.
1353 1185 1383 1216 P.
1401 1185 1435 1217 N.
1457 1185 1620 1226 Augustini
1634 1185 1702 1217 lice-

965 1234 1010 1267 bit
1031 1242 1194 1279 acceptare
1218 1243 1245 1269 et
1272 1237 1455 1277 reformare,
1476 1248 1510 1270 ac
1535 1238 1565 1269 in
1590 1237 1633 1269 cis
1660 1237 1701 1269 vi—

966 1298 1017 1320 ces
1041 1294 1071 1320 et
1104 1289 1276 1322 ministeria
1313 1290 1446 1322 aliorum
1481 1290 1699 1332 religiosorum

965 1342 1110 1384 supplere
1126 1355 1153 1382 »‚
1171 1343 1265 1375 fuisse
1281 1344 1361 1376 male
1375 1349 1404 1376 et
1426 1353 1483 1387 per
1500 1354 1640 1376 errorem
1658 1343 1701 1375 di-

965 1393 1021 1425 ctis
1046 1395 1341 1436 constitutionibus,
1372 1396 1463 1429 etiam
1490 1396 1520 1428 in
1545 1395 1700 1439 originali,

965 1447 1105 1490 apposita
1130 1451 1159 1481 et
1183 1448 1318 1484 inserta,
1346 1459 1381 1481 ac
1406 1449 1536 1492 proinde
1572 1448 1702 1482 delenda

966 1500 1032 1532 forc
1056 1505 1086 1532 et
1110 1510 1185 1542 csse,
1207 1505 1311 1544 prout,
1329 1500 1443 1534 virtute
1457 1502 1630 1545 praesentis
1648 1501 1700 1534 de-

966 1553 1053 1594 creti,
1071 1554 1136 1586 tolli
1154 1559 1183 1586 et
1199 1553 1306 1594 deleri,
1325 1564 1359 1586 ac
1384 1565 1441 1597 pro
1465 1565 1527 1587 non
1553 1554 1701 1598 appositis

966 1607 1074 1639 haberi
1098 1606 1238 1639 decernit
1261 1612 1291 1640 et
1315 1607 1449 1649 mandat,
1465 1613 1521 1640 etc.
1539 1622 1565 1639 ».
1590 1608 1701 1641 Datum

965 1659 1081 1692 Romae
1098 1669 1172 1693 xxiv
1197 1660 1300 1692 martii
1326 1669 1459 1694 iincxtv.

1787 717 1898 737 neemiam

1715 743 1736 764 S.
1752 743 1774 763 R.
1790 743 1814 763 E.
1831 744 1898 763 ‹mdi-

1715 771 1768 790 uatis
1796 770 1897 789 aurursus

1715 796 1798 816 eozdem
1817 795 1899 817 niscat-

1715 825 1786 844 cuatus

1207 1730 1242 1761 M.
1268 1730 1434 1763 cardinalis
1458 1730 1627 1765 GquTTus.

1097 1801 1178 1833 Loco
1203 1804 1221 1841 ἦ·
1250 1801 1352 1843 sigilli.

1010 1871 1024 1913 ξ,
1048 1870 1077 1903 3.
1095 1871 1170 1904 Cum
1191 1877 1305 1911 autem,
1323 1872 1403 1904 sicut
1420 1872 1527 1905 eadem
1549 1873 1701 1916 expositio
1739 1878 1803 1916 ‚Qnmt
1826 1878 1898 1913 coufit-⁴

1716 1908 1760 1925 mat
1770 1905 1799 1925 bu
1812 1908 1898 1925 sancti>-

966 1925 1171 1967 subiungebat
1188 1952 1195 1965 ‚
1221 1925 1320 1958 dictus
1344 1925 1484 1959 Salvator
1514 1932 1702 1969 procurator
1716 1937 1780 1952 §.mus
1796 1931 1896 1951 1³0⁰er-

965 1978 1121 2020 generalis
1145 1978 1305 2011 decretum
1330 1979 1530 2021 huiusmodi,
1555 1990 1617 2023 quo
1642 1980 1697 2012 fir-

968 2031 1047 2063 mius
1061 2031 1207 2063 subsistat
1222 2037 1251 2064 et
1269 2032 1406 2064 exactius
1423 2032 1618 2073 observetur,
1632 2043 1702 2076 apo-

967 2084 1094 2117 stolicae.
1126 2090 1250 2117 nostrae
1283 2085 1530 2118 confirmationis
1565 2086 1700 2129 patroci-

967 2137 1018 2169 nio
1032 2137 1222 2169 communiri
1239 2148 1439 2181 summopere
1450 2137 1625 2179 desideret¹,
1635 2148 1700 2174 nos„

967 2189 1106 2222 eiusdem
1131 2190 1299 2222 Salvatoris
1317 2191 1531 2234 procuratoris
1547 2191 1701 2233 generalis

966 2242 1121 2275 desiderio
1146 2243 1323 2276 huiusmodi
1349 2254 1506 2283 annuere,
1536 2243 1700 2286 ipsumque

967 2296 1154 2339 specialibus
1178 2297 1336 2329 favoribus
1360 2302 1390 2329 et
1420 2296 1528 2339 gratiis
1552 2296 1699 2339 prosequi

967 2349 1114 2389 volentes,
1133 2354 1162 2381 et
1182 2360 1198 2381 a
1218 2349 1379 2392 quibusvis
1403 2349 1699 2382 excommunicatio—

968 2401 1037 2443 nis,
1062 2402 1277 2445 suspensionis
1311 2407 1340 2434 et
1372 2401 1545 2443 interdicti,
1570 2401 1700 2444 aliisque

968 2454 1185 2488 ecclesiasticis
1202 2455 1372 2494 sententiis,
1385 2454 1525 2487 censuris
1539 2459 1567 2486 et
1582 2454 1700 2497 poenis,

1006 2572 1016 2596 1
1035 2569 1103 2597 Edit.
1120 2570 1201 2596 Main.
1219 2568 1283 2604 legit
1297 2568 1437 2597 desiderat
1451 2569 1487 2603 [a.
1504 2568 1551 2603 rs).
