2107 3142
0 209 43 237 tue
52 207 81 235 G.
103 207 171 236 1647

9 1301 13 1306 ⁸
24 1274 134 1296 Decretum
151 1275 178 1296 ir·

0 1304 69 1324 rium.

787 211 994 238 mnocmrms
1016 214 1035 238 x
1060 214 1109 238 1²1³.

184 255 271 290 Sedis
290 255 411 290 iuribus
436 257 478 290 illi
503 258 722 303 undecumque
743 265 772 293 et
792 272 907 304 quomo
936 270 940 278 ·

186 308 361 352 documque
387 311 631 353 praemissorum
658 314 776 346 ratione
801 324 922 357 compe-

185 363 330 403 tentibus,
341 364 386 396 vel
401 364 439 396 ab
454 367 488 397 ea
502 366 683 408 praetensis,
696 367 919 409 praeiudicium

185 414 303 448 illatum
330 427 414 456 esse,
439 428 491 450 seu
519 419 629 460 l'uisse,
651 426 702 452 aut
727 421 757 452 in
782 421 920 454 futurum

185 469 249 501 ullo
274 480 411 513 unquam
439 477 580 514 tempore
605 473 723 505 illatum
745 473 815 514 dici,
838 475 923 507 intel-

185 520 261 563 ligi,
287 533 341 555 seu
365 524 484 556 censeri
512 535 620 568 posse;
646 526 699 559 sed
725 527 790 559 iura
817 528 922 560 huius—

187 574 270 607 modi
296 586 420 620 sempor
437 584 466 610 ct
485 586 635 622 perpetuo
656 580 786 622 integra,
807 581 922 620 illaesa,

187 626 317 668 intacta,
344 630 479 669 illibata,
506 631 668 672 inviolata,
694 644 729 665 ac
763 633 793 665 in
825 634 923 668 nihilo

187 680 357 722 diminuta,
383 684 428 716 vel
454 685 644 726 labefactata,
664 693 723 718 tam
750 687 779 719 in
804 699 923 731 posses-

188 735 273 768 sorio
297 746 390 778 quam
417 737 446 768 in
472 738 629 780 petitorio,
650 745 680 772 et
703 740 778 773 alias
792 752 923 784 quomo-

189 786 305 820 dolibet
330 799 492 822 remanere
516 791 547 822 in
571 793 716 825 omnibus
737 798 765 827 et
786 805 840 838 per
857 806 923 828 om-

187 840 239 872 nia
253 841 382 883 perinde
402 852 438 875 ac
451 843 476 874 si
496 850 593 884 actus,
614 851 713 888 pacta,
735 853 923 891 contractus,

188 895 422 935 transactiones,
441 897 627 931 concordiae
652 903 682 933 et
705 902 925 935 conventiones

188 946 366 981 huiusmodi
384 959 542 993 nunquam
562 959 767 994 emanassent,
782 955 827 988 vel
846 967 927 988 ema-

189 1008 315 1042 narent,
340 1003 379 1035 ita
397 1010 426 1036 ut
452 1014 508 1047 per
524 1016 756 1051 quemcumque
773 1010 926 1053 temporis

190 1056 421 1098 quantumlibet
451 1057 626 1100 longissimi
659 1071 786 1094 cursum
821 1064 924 1106 quod—

192 1118 326 1151 cumque
350 1109 450 1141 dictae
476 1110 563 1144 Sedis
586 1113 784 1156 Apostolicae
809 1117 928 1159 praeiu-

192 1161 308 1194 dicium
341 1173 499 1206 nuuquam
532 1169 927 1212 censeaturapprobatum,

193 1214 390 1248 deceruimus
415 1223 444 1249 et
468 1218 674 1253 declaramus.

237 1268 296 1311 §3-
315 1270 520 1304 Decerneutes
540 1284 664 1316 quoque
684 1283 863 1318 praesentes
880 1279 928 1311 lit-

194 1325 285 1361 teras,
310 1323 401 1356 etiam
427 1335 461 1357 ex
487 1335 524 1358 eo
551 1327 635 1369 quod
653 1328 802 1370 praedicti
821 1336 850 1362 et
866 1331 930 1374 qui-

194 1386 329 1420 cumque
353 1378 404 1410 alii
430 1378 460 1410 in
485 1380 665 1422 praemissis
694 1382 845 1416 interesse
868 1384 926 1417 ha-

193 1428 324 1471 bentes,
350 1432 396 1463 vel
424 1432 539 1465 habere
567 1434 806 1477 quomodolibet
833 1447 927 1480 prae-

193 1484 365 1525 tendentes,
399 1485 458 1517 illis
483 1496 546 1519 non
569 1490 804 1529 consenserint,
828 1501 931 1535 neque

195 1538 294 1570 vocati
319 1544 348 1570 et
373 1539 469 1571 auditi
494 1540 618 1581 suerint,
644 1542 690 1574 vel
715 1553 750 1575 ex
775 1543 835 1576 alia
861 1555 933 1588 qua-

196 1601 330 1634 cumque
354 1595 458 1632 causa‚
477 1599 650 1637 praetextu,
670 1597 786 1638 colore,
807 1597 932 1640 ingenio

197 1650 227 1677 et
251 1646 360 1689 capite,
385 1648 476 1679 etiam
503 1649 533 1680 in
558 1660 690 1692 corpore
716 1650 793 1684 iuris
817 1652 932 1692 clauso,

197 1698 235 1732 de
260 1701 480 1744 subreptionis,
506 1703 553 1734 vel
578 1703 782 1747 obreptionis,
800 1709 853 1738 aut
870 1706 935 1738 nul-

197 1752 291 1785 litatis
316 1753 408 1793 vitio,
434 1765 487 1787 seu
514 1755 693 1789 intentionis
718 1763 860 1798 nostrae,
886 1758 933 1790 vel

198 1806 259 1839 alio
280 1807 429 1850 quopiam
453 1809 651 1850 quantumvis
676 1809 867 1843 substantiali
886 1811 935 1843 de-

198 1861 278 1893 fectu
299 1861 410 1900 notari,
432 1861 589 1903 redargui,
607 1862 653 1895 vel
675 1863 863 1906 impugnari,
883 1871 935 1897 aut

199 1915 229 1947 in
262 1915 309 1947 ius
334 1915 379 1947 vel
413 1917 659 1949 controversiam
692 1918 855 1959 revocari,
881 1928 935 1951 seu

199 1968 237 2001 ad
262 1969 412 2002 terminos
438 1969 513 2001 iuris
532 1969 636 2001 reduci
657 1980 815 2013 nunquam
835 1981 935 2014 posse,

200 2022 253 2055 sed
285 2023 408 2055 easdem
441 2029 619 2066 praesentes
651 2034 776 2067 semper
800 2025 936 2065 validas,

200 2076 308 2109 sirmas
331 2082 361 2108 et
385 2076 524 2108 efficaces
544 2077 677 2109 existere
701 2083 731 2109 et
756 2078 832 2117 sore,
855 2089 938 2111 suos-

201 2140 261 2173 que
285 2130 441 2172 plenarios
466 2134 495 2161 et
520 2129 659 2172 integros
679 2130 807 2164 effectus
831 2132 937 2164 sortiri

203 2189 232 2216 et
256 2183 413 2223 obtinere,
439 2183 544 2226 sicque
561 2188 590 2215 et
606 2193 667 2216 non
692 2184 781 2217 aliter
798 2184 827 2216 in
848 2196 938 2228 prae-

203 2237 305 2270 missis
322 2248 377 2280 per
394 2247 607 2280 quioscumque
629 2237 747 2270 iudices
763 2238 939 2272 ordinarios

204 2296 233 2323 et
250 2290 419 2332 delegatos,
436 2290 527 2322 etiam
550 2300 714 2322 causarum
741 2291 845 2333 palatii
870 2302 940 2334 apo-

205 2343 304 2376 stolici
330 2343 497 2384 auditores,
515 2353 550 2375 ac
574 2349 697 2375 sanctae
715 2343 871 2377 Romanae
887 2345 940 2377 Ec-

205 2396 317 2429 clesiae
337 2396 520 2436 cardinales,
538 2397 629 2429 etiam
648 2397 684 2429 dc
705 2397 799 2429 latere.
823 2398 941 2440 legatos

207 2455 237 2482 et
260 2450 414 2492 quoslibet
438 2451 514 2483 alios
537 2461 734 2494 quacumque
757 2451 941 2484 auctoritate

207 2506 238 2535 et
260 2509 410 2546 potestate
436 2504 599 2546 fungentes
624 2514 706 2536 nunc
732 2508 761 2536 et
786 2515 844 2547 pro
871 2509 944 2537 tem-

207 2566 286 2600 pore
310 2557 485 2597 existentes,
502 2558 622 2590 sublata
639 2557 683 2590 eis
701 2562 731 2590 et
750 2567 858 2590 eorum
882 2558 945 2591 cui-

958 262 1037 294 tandi
1064 262 1208 295 facultate
1232 267 1261 295 et
1285 263 1482 303 auctoritate,
1508 263 1637 296 iudicari
1664 270 1693 296 et

957 315 1079 347 deliniri
1106 316 1241 357 debere,
1266 327 1301 348 ac
1331 317 1451 349 irritum
1477 323 1507 349 et
1532 317 1644 357 inane,
1668 317 1694 349 si

957 379 1045 400 secus
1069 378 1164 412 super
1189 369 1235 401 liis
1259 379 1275 401 a
1301 380 1477 412 quoquam,
1505 370 1614 413 quavis
1643 381 1695 403 au-

956 421 1116 461 ctoritate,
1143 422 1277 454 scienter
1303 423 1347 455 vel
1374 423 1570 466 ignoranter,
1595 422 1695 456 conti-

957 474 1037 517 gerit
1061 475 1215 507 attentari.

1002 530 1015 571 ξ
1040 529 1069 561 4.
1095 530 1162 563 Non
1180 531 1376 563 obstantibus
1392 530 1553 573 quibusvis
1573 535 1696 573 aposto·
1712 543 1894 590 ,wlgffifflffl'

1722 576 1762 590 ΓὸΓΙ
1778 576 1788 590 Ι“
1827 585 1832 590 .

959 581 1042 621 licis,
1066 592 1102 615 ac
1128 583 1157 614 in
1182 584 1412 616 universalibus
1437 582 1695 626 provincialibus-

958 645 1017 677 que
1035 641 1064 667 et
1081 636 1280 679 synodalibus
1297 636 1436 670 conciliis
1453 636 1553 675 editis,
1571 645 1697 678 genera-

959 687 1040 720 libus
1069 689 1114 720 vel
1141 690 1345 732 specialibus,
1371 689 1644 722 constitutionibus
1667 693 1697 720 et

959 740 1217 783 ordinationibus,
1233 752 1365 782 necnon,
1383 747 1536 787 quatenus
1550 752 1630 785 opus
1648 742 1695 782 sit,

959 796 1064 826 nostra
1102 796 1305 828 cancellariae
1340 797 1449 839 regula
1481 795 1519 827 de
1548 805 1608 826 non
1638 794 1696 826 tol-

960 846 1051 880 lendo
1076 847 1144 880 iure
1169 849 1320 891 quaesito,
1337 860 1373 882 ac
1394 849 1552 881 civitatum
1571 854 1601 881 et
1616 847 1698 881 dioc-

960 911 1066 934 cesum
1098 902 1348 945 praedictarum,
1374 908 1404 935 et
1428 901 1588 945 quibusvis
1613 901 1697 940 aliis,

960 954 1053 986 etiam
1087 954 1283 995 iuramento,
1308 955 1547 989 confirmatione
1575 961 1698 998 aposto-

962 1008 1036 1049 lica,
1064 1008 1109 1040 vel
1135 1009 1243 1052 quavis
1267 1009 1414 1042 firmitate
1443 1009 1502 1041 alia
1527 1008 1698 1047 roboratis,

962 1061 1082 1094 statutis
1096 1065 1125 1094 et
1138 1062 1426 1102 consuetudinibus,
1441 1061 1614 1105 privilegiis
1627 1070 1700 1104 quo-

962 1124 1039 1157 que,
1065 1114 1192 1147 indultis
1224 1120 1254 1147 et
1285 1115 1396 1147 litteris
1423 1115 1622 1158 apostolicis,
1643 1114 1700 1147 sub

963 1167 1214 1211 quibuscumque
1246 1168 1408 1200 tenoribus
1440 1174 1469 1200 et
1501 1168 1630 1208 Formis,
1664 1177 1700 1200 ac

963 1232 1032 1253 cum
1048 1221 1209 1264 quibusvis
1223 1221 1313 1254 etiam
1328 1221 1598 1264 derogatoriarum
1614 1221 1701 1254 dero-

964 1274 1102 1316 gatoriis,
1128 1274 1258 1316 aliisque
1283 1274 1526 1315 efficacioribus,
1552 1274 1701 1307 efficacis—

964 1328 1051 1359 simis
1071 1333 1101 1360 et
1121 1328 1252 1360 insolitis
1271 1328 1427 1368 clausulis,
1445 1328 1701 1372 irritantibusque

965 1387 994 1414 et
1013 1380 1091 1413 aliis¹
1112 1381 1255 1421 decretis,
1279 1382 1308 1414 in
1333 1392 1448 1424 genere
1470 1382 1516 1414 vel
1538 1382 1569 1414 in
1589 1382 1701 1425 specie,

964 1435 1055 1468 etiam
1082 1441 1169 1469 motu
1193 1435 1297 1475 simili,
1322 1447 1357 1469 ac
1382 1435 1476 1469 etiam
1507 1436 1702 1469 consistoria-

966 1489 1043 1530 liter,
1059 1494 1087 1521 et
1113 1489 1187 1521 alias
1208 1489 1444 1532 quomodolibet
1462 1489 1491 1521 in
1509 1490 1702 1522 contrarium

966 1542 1210 1585 praemissorum
1247 1542 1484 1584 quomodolibet
1522 1542 1702 1582 concessis,

966 1595 1158 1628 consu-matis
1182 1600 1211 1627 et
1236 1596 1404 1635 innovatis;
1422 1595 1535 1638 quibus
1558 1595 1704 1628 omnibus

967 1654 996 1681 et
1012 1649 1157 1691 singulis,
1176 1648 1296 1681 etiamsi
1314 1658 1370 1691 pro
1388 1649 1552 1681 sufficienti
1578 1649 1704 1681 illorum

966 1702 1170 1744 derogatione
1201 1701 1239 1734 de
1271 1702 1332 1734 illis
1363 1712 1535 1745 eorumque
1564 1702 1635 1735 totis
1660 1706 1705 1735 te·

968 1756 1097 1788 noribus
1121 1755 1285 1799 specialis,
1310 1755 1478 1798 specifica,
1504 1765 1652 1799 expressa
1676 1761 1705 1788 et

970 1809 1145 1850 individua,
1171 1820 1206 1841 ac
1231 1809 1269 1841 de
1294 1809 1389 1841 verbo
1414 1809 1451 1841 ad
1480 1809 1621 1848 verbum,
1641 1819 1704 1842 non

969 1869 1071 1895 autem
1099 1873 1155 1906 per
1174 1863 1329 1895 clausulas
1354 1863 1516 1905 generales
1541 1862 1622 1895 idem
1648 1862 1707 1894 irn-

970 1922 1150 1959 portantes,
1175 1916 1292 1949 mentio
1324 1926 1379 1948 seu
1410 1915 1537 1959 quaevis
1568 1916 1627 1947 alia
1652 1915 1707 1948 ha-

970 1970 1070 2001 benda
1087 1974 1139 2002 aut
1155 1969 1258 2012 aliqua
1282 1969 1342 2001 alia
1366 1969 1518 2012 exquisita
1543 1970 1643 2002 forma
1670 1968 1708 2002 ad

971 2024 1030 2056 hoc
1055 2024 1206 2056 servanda
1235 2023 1334 2063 soret,
1360 2029 1484 2056 tenores
1508 2022 1710 2063 huiusmodi,

971 2087 1006 2109 ac
1032 2077 1055 2109 si
1089 2077 1127 2109 dc
1158 2076 1254 2110 verbo
1279 2077 1317 2109 ad
1342 2077 1470 2109 verbum
1496 2076 1710 2109 insererentur

971 2135 1001 2163 et
1025 2130 1288 2173 exprimerentur,
1301 2130 1518 2173 praesentibus
1542 2139 1599 2173 pro
1619 2129 1710 2172 plene

972 2189 1002 2216 ct
1026 2184 1216 2216 sufficienter
1247 2184 1402 2227 expressis
1431 2194 1466 2216 ac
1490 2183 1527 2215 de
1553 2183 1649 2215 verbo
1673 2181 1710 2214 ad

974 2237 1103 2270 verbum
1133 2237 1258 2269 insertis
1289 2237 1458 2277 babentes,
1488 2236 1548 2268 illis
1574 2236 1649 2268 alias
1680 2234 1711 2267 in

974 2301 1029 2323 suo
1046 2291 1161 2324 robore
1175 2290 1400 2334 pein‘iansuris,
1414 2290 1451 2322 ad
1466 2289 1711 2333 praemissorum

974 2343 1129 2383 effectum,
1155 2344 1212 2376 liae
1238 2344 1304 2376 vice
1328 2343 1511 2381 dumtaxat,
1536 2340 1711 2387 specialiter

974 2403 1004 2429 et
1028 2408 1174 2441 expresse
1198 2396 1406 2439 dcr0gamus3
1432 2395 1605 2438 ceterisque
1630 2403 1710 2427 con—

975 2450 1078 2483 trariis
1104 2450 1363 2493 quibuscumque.

1018 2503 1128 2536 Datum
1155 2504 1284 2544 Romae,
1303 2502 1384 2545 apud
1409 2502 1436 2535 S.
1464 2501 1591 2534 Mariam
1616 2501 1710 2534 Maio-

207 2608 283 2643 libet
312 2610 420 2655 quavis
443 2610 532 2645 aliter
556 2610 711 2644 iudicandi
737 2616 767 2645 et
790 2597 963 2656 interme-l¹
1013 2618 1138 2648 1Voeem
1157 2619 1224 2647 aliis
1244 2625 1292 2646 nos
1311 2617 1436 2646 addimuz
1457 2621 1493 2655 tii.
1513 2618 1560 2653 τ,),

1598 205 1662 241 5⁶25
1708 216 1756 243 An.
1777 216 1806 243 c.
1824 217 1888 244 ieri
