2107 3142
57 205 105 235 An.
120 206 149 235 C.
171 207 239 235 1647

844 209 1052 236 INNOCENTIUS
1076 210 1096 234 X
1120 210 1167 234 Pr.

252 254 559 298 congregationibus,
570 256 648 289 duos
660 256 708 289 vel
722 257 829 301 plures
845 258 874 290 in
887 259 991 302 primo

250 308 299 341 vel
323 308 460 341 secundo
485 309 585 352 gradu
610 311 832 353 consanguinei
855 312 901 343 vel
923 312 990 344 affi-

250 371 306 394 nes
330 361 507 394 nullatenus
532 362 624 395 simul
641 365 869 398 conveniantet
884 368 990 398 votare

251 413 380 457 possint,
407 419 437 447 et
461 415 561 448 multo
586 416 689 449 minus
714 417 926 449 definitorium
951 418 989 450 si-

251 467 318 500 mul
341 466 464 510 ingredi
490 474 519 500 et
544 479 744 509 concurrere,
762 469 854 501 etiam
872 469 910 501 ad
933 474 990 502 ter-

251 520 330 553 tium
355 521 498 563 gradum,
516 521 625 555 eodem
648 522 774 554 biennio
792 522 839 554 vel
857 522 990 555 triennio
1005 521 1007 536 '

251 574 393 617 valeant,
417 585 475 608 nec
500 575 576 608 tales
601 575 631 607 in
656 575 823 619 praedictis
841 575 989 617 gradibus

250 627 354 670 primo
388 633 418 660 et
449 629 586 661 secundo
611 628 791 668 coniuncti,
825 628 849 660 si
876 629 991 661 fuerint

253 680 431 714 sacerdotes
455 691 562 714 vocem
578 681 737 723 habentes,
753 681 783 713 in
801 681 910 714 eodem
928 692 991 714 mo-

251 734 388 767 nasterio
424 734 671 767 conventualiter
700 734 815 777 degere
847 735 988 778 possint,

250 787 309 819 nisi
333 787 491 820 communi
506 793 630 830 patrum
651 787 820 821 definitorii
835 798 989 820 consensu

250 849 306 883 per
338 845 409 874 vota
440 846 559 874 secreta
589 841 776 882 accedente,
809 841 929 874 scilicet
960 841 989 873 in

250 893 447 926 evidentibus
472 893 595 926 casibus
617 894 804 927 inevitabilis
825 895 990 927 necessita-

252 946 308 986 tis3
335 950 399 980 tum
427 957 500 980 vero
525 947 592 986 ille,
619 958 689 980 cum
716 958 778 991 quo
804 948 897 980 suerit
921 947 988 980 dis-

250 1000 464 1043 pensandum,
491 1005 556 1033 toto
580 1000 663 1033 dicto
688 1005 832 1044 tempore
857 1002 989 1034 interce-

250 1052 352 1094 dente,
377 1054 408 1086 in
434 1064 470 1087 eo
495 1059 650 1087 conventu
676 1064 749 1087 voce
775 1054 899 1097 passiva
916 1065 987 1087 om-

249 1106 325 1139 nino
349 1111 473 1148 careat,
499 1112 528 1139 et
553 1107 683 1139 activam
718 1107 747 1139 in
783 1107 844 1139 illis
870 1112 988 1140 tantum

250 1159 457 1192 electionibus
482 1165 535 1192 aut
558 1160 827 1203 propositionibus
857 1160 968 1194 babeat
983 1169 1007 1199 ,t

250 1212 281 1244 in
306 1212 420 1255 quibus
453 1212 521 1244 talis
554 1212 620 1245 eius
652 1212 903 1254 consanguineus
928 1222 990 1245 non

250 1266 417 1298 votaverit:
443 1266 569 1309 quando
593 1271 697 1298 autem
724 1265 786 1298 duo
812 1266 859 1298 vel
884 1266 990 1308 plures

249 1319 430 1352 huiusmodi
456 1319 681 1362 consanguinei
712 1319 759 1351 vel
785 1319 892 1351 affines
917 1329 988 1352 casu

249 1372 355 1416 aliquo
380 1377 487 1405 votum
512 1372 676 1412 haberent,
702 1372 753 1405 illc
779 1377 908 1413 tantum7
936 1372 988 1415 qui

249 1425 369 1458 ratione
394 1425 489 1458 officii
514 1425 690 1468 digniorem
711 1426 815 1458 locum
834 1425 989 1465 babuerit,

249 1477 288 1510 ad
312 1478 481 1522 capitulum
507 1478 643 1519 accedat,
657 1478 753 1511 ceteri
769 1489 843 1512 vero
860 1489 923 1511 non
942 1489 991 1511 ac-

250 1531 372 1571 cedant,
396 1541 453 1564 nec
478 1531 627 1564 accedere
650 1532 882 1574 permittantur,
901 1542 946 1571 ac,
965 1533 988 1565 si

252 1584 420 1627 contingat,
445 1585 528 1628 quod
555 1585 642 1618 multi
668 1595 730 1617 non
746 1585 867 1618 ratione
885 1585 990 1626 officii,

250 1637 304 1670 sed
328 1638 406 1680 legis
431 1641 460 1671 et
483 1637 638 1681 privilegii
672 1643 884 1677 concurrant,
918 1643 990 1671 tunc

250 1690 445 1733 professione
469 1691 639 1734 antiquior,
664 1691 689 1722 si
714 1691 857 1733 voluerit,
884 1695 989 1724 rotare

250 1743 368 1786 poterit
383 1756 409 1775 n.
431 1743 468 1776 Et
493 1743 588 1775 infra:
620 1756 632 1775 α
655 1743 756 1782 Quare
787 1754 896 1776 omnes
928 1744 988 1776 ele-

251 1796 392 1837 ctiones,
417 1796 565 1840 deinceps
601 1802 711 1830 contra
744 1797 837 1830 hasce
866 1802 990 1829 nostras

251 1849 464 1895 ordinationes
486 1850 592 1891 saetas,
616 1851 729 1891 nullas,
751 1850 855 1883 irritas
877 1862 912 1883 ac
937 1851 987 1883 in-

212 1925 215 1927 -
251 1903 367 1935 validas
396 1913 463 1936 esse
492 1903 692 1936 decernimus
721 1909 751 1936 et
775 1904 989 1944 declaramus,

249 1955 510 2000 quibuscumque,
524 1956 555 1988 in
573 1957 765 1989 contrarium
784 1967 845 1989 non
863 1957 990 1990 obstan-

251 2009 333 2042 tibus
360 2024 388 2043 n.

296 2063 310 2105 ᾗ
334 2062 362 2094 2.
377 2063 454 2096 Cum
478 2068 593 2103 autem,
614 2063 690 2096 sicut
711 2063 818 2095 eadem
837 2063 989 2107 expositio

252 2115 479 2157 subiungebat,
504 2115 576 2148 licet
603 2115 765 2148 decretum
791 2117 988 2159 praedictum

252 2168 326 2201 alias
365 2179 382 2201 a
422 2169 519 2201 felicis
558 2169 786 2201 recordationis
832 2169 990 2202 Clemente

253 2221 335 2264 Papa
353 2221 415 2253 Vttt
436 2221 679 2265 praedecessore
702 2227 812 2254 nostro
837 2232 893 2265 per
919 2233 990 2256 suas

253 2274 284 2307 in
308 2275 401 2307 simili
427 2275 527 2308 forma
549 2275 654 2308 Brevis
679 2275 797 2308 litteras
823 2276 990 2308 confirma-

253 2333 330 2370 tum,
351 2328 616 2372 excquutionique
640 2328 861 2361 demandatum
887 2329 991 2369 fucrit,

253 2379 467 2422 nihilominus,
492 2381 564 2424 quia
590 2391 735 2413 successu
761 2381 910 2424 temporis
934 2382 990 2414 ob-

255 2434 408 2467 servantia
428 2433 567 2466 eiusdem
585 2434 703 2466 decreti
729 2433 757 2465 in
782 2434 938 2477 aliquibus
955 2445 990 2467 ex

254 2487 423 2529 provinciis
447 2487 520 2520 dicti
545 2487 681 2527 Ordinis,
702 2487 794 2519 variis
819 2487 876 2519 sub
901 2498 992 2530 prae-

255 2539 411 2579 textibus,
436 2541 528 2572 etiam
564 2550 627 2573 non
661 2551 754 2582 usus,
780 2541 911 2582 omissa,
938 2551 993 2575 seu

255 2592 396 2635 neglecta
419 2592 486 2634 suit,
507 2593 699 2638 experientia
721 2604 797 2627 vero
817 2594 938 2636 doceat,
957 2606 993 2629 ex

1669 199 1732 233 499

1023 258 1228 291 desuetudine
1253 258 1369 291 decreti
1394 255 1575 290 huiusmodi
1600 256 1764 299 perturba-

1025 311 1124 344 tiones
1143 312 1329 354 praesertim
1348 310 1380 342 in
1400 309 1607 343 electionibus
1624 310 1764 352 superio<

1023 375 1094 396 rum
1124 369 1152 396 ct
1185 364 1341 407 regimine
1369 364 1535 397 domorum
1568 362 1762 405 regularium

1025 416 1164 449 eiusdem
1197 417 1321 450 Ordinis
1354 416 1488 449 maxime
1518 416 1646 458 vigere:
1671 415 1763 448 nobis

1025 474 1196 512 propterea
1221 470 1321 502 dictus
1338 470 1478 503 Salvator
1502 473 1690 512 procurator
1714 478 1764 511 ge-

1024 522 1138 554 neralis
1165 522 1326 555 humiliter
1362 522 1531 565 supplicari
1556 522 1648 561 fecit,
1675 526 1709 553 ut
1732 521 1764 552 in

1023 575 1204 618 praemissis
1229 580 1408 619 opportune
1426 574 1592 618 providere
1616 574 1654 606 de
1677 573 1766 606 beni-

1023 628 1140 670 gnitate
1165 628 1337 671 apostolica
1363 628 1576 670 dignaremur.

1068 681 1082 723 ἓ
1107 681 1134 713 ζ’).
1162 682 1235 721 Nos,
1250 681 1390 714 eiusdem
1417 680 1586 714 Salvatoris
1611 690 1762 724 procura—

1024 733 1100 766 toris
1125 735 1280 776 gencralis
1310 735 1388 768 votis
1420 733 1600 767 huiusmodi
1626 743 1764 766 annuere

1024 787 1179 826 volentes,
1205 787 1371 831 ipsumque
1403 799 1420 819 a
1445 786 1608 830 quibusvis
1632 797 1763 820 excom-

1025 840 1264 880 municationis,
1290 840 1503 884 suspensionis
1535 845 1565 872 et
1589 839 1763 880 interdicti,

1024 894 1156 936 aliisque
1182 894 1402 927 ecclesiasticis
1427 893 1597 933 sententiis,
1622 893 1763 926 censuris

1024 952 1053 979 et
1077 947 1196 990 poenis,
1224 958 1238 979 a
1265 948 1332 980 iure
1358 947 1405 980 vel
1431 947 1469 979 ab
1494 947 1631 987 bomine,
1656 947 1764 990 quavis

1025 1001 1188 1034 occasione
1215 1002 1260 1033 vel
1283 1002 1375 1034 causa
1400 1000 1478 1041 latis,
1504 1001 1529 1033 si
1549 1000 1663 1043 quibus
1687 1010 1764 1043 quo-

1026 1054 1198 1087 modolibet
1223 1054 1387 1087 innodatus
1412 1054 1531 1093 existit,
1556 1054 1594 1086 ad
1619 1053 1764 1086 effectum

1025 1108 1237 1150 praesentium
1252 1107 1412 1140 dumtaxat
1430 1107 1696 1150 consequendum,
1714 1107 1767 1139 ba-

1025 1171 1094 1192 rum
1123 1161 1203 1193 serie
1225 1160 1423 1193 absolventes
1451 1165 1479 1192 ct
1499 1160 1679 1193 absolutum
1700 1160 1766 1192 sore

1025 1218 1197 1254 censentes,
1224 1213 1404 1246 huiusmodi
1422 1213 1705 1256 supplicationibus
1725 1213 1767 1245 in-

1025 1266 1140 1307 clinati,
1151 1266 1188 1298 de
1199 1266 1425 1298 venerabilium
1438 1266 1570 1298 fratrum
1585 1271 1765 1299 nostrorum

1024 1324 1148 1351 sanctae
1178 1320 1335 1352 Romanae
1366 1319 1522 1352 Ecclesiae
1555 1319 1762 1352 cardinalium

1023 1373 1157 1415 negotiis
1182 1378 1212 1405 et
1237 1373 1517 1405 consultationilms
1543 1373 1765 1416 episcoporum

1023 1429 1053 1459 et
1090 1426 1284 1468 regularium
1320 1425 1572 1469 praepositorum
1609 1425 1764 1466 consilio,

1022 1479 1252 1522 praeinsertum
1278 1479 1351 1511 dicti
1377 1479 1534 1522 quondam
1561 1478 1702 1511 Andreae
1720 1478 1766 1510 Fi-

1024 1531 1123 1565 vizani
1148 1532 1262 1575 prioris
1295 1531 1450 1574 generalis
1480 1532 1662 1571 decretum,
1688 1542 1760 1575 apo-

1024 1584 1134 1617 stolica
1167 1585 1372 1626 auctoritate,
1408 1591 1516 1618 tenore
1540 1584 1764 1628 praesentium,

1023 1642 1177 1680 perpetuo
1209 1637 1419 1681 approbamus
1452 1642 1481 1670 et
1517 1637 1764 1676 confirmamus,

1024 1689 1131 1733 illique
1157 1696 1327 1734 perpetuae
1353 1695 1383 1722 et
1404 1690 1590 1723 inviolabilis
1612 1690 1762 1734 apostoli-

1024 1753 1078 1776 cae
1103 1743 1259 1776 firmitatis
1277 1743 1377 1776 robur
1402 1743 1578 1783 adiicimus,
1599 1754 1635 1776 ac
1656 1754 1765 1776 omncs

1024 1802 1053 1829 et
1077 1797 1217 1839 singulos
1250 1802 1312 1829 tam
1350 1797 1427 1829 iuris
1459 1807 1552 1840 quam
1585 1796 1655 1829 facti
1679 1796 1764 1829 defe-

1024 1855 1102 1890 ctus,
1121 1850 1144 1881 si
1170 1850 1222 1893 qui
1248 1849 1386 1892 desuper
1411 1849 1650 1892 quomodolibet
1674 1849 1767 1883 inter-

1025 1903 1175 1942 venerint,
1194 1903 1386 1946 supplemus,
1402 1903 1584 1946 dictumque
1603 1902 1764 1935 decretum

1024 1957 1054 1989 in
1080 1962 1145 1990 toto
1170 1957 1286 1990 Ordine
1303 1957 1466 2000 praedicto
1484 1962 1513 1989 et
1531 1956 1647 2000 ubique
1672 1960 1766 1990 terra-

1024 2021 1094 2043 rum
1109 2010 1237 2052 servari,
1257 2010 1313 2042 sub
1332 2011 1441 2054 poenis
1458 2010 1488 2042 in
1510 2010 1619 2042 eodem
1639 2009 1766 2042 decreto

1024 2063 1188 2103 contentis,
1202 2063 1397 2103 mandamus,
1416 2063 1501 2095 salva
1517 2073 1642 2105 semper
1662 2068 1765 2095 aucto-

1024 2117 1114 2150 ritate
1148 2116 1402 2158 congregationis
1427 2115 1585 2148 dictorum
1607 2115 1762 2157 cardina-

1025 2170 1115 2209 lium,
1135 2171 1242 2213 sicque
1259 2180 1315 2213 per
1339 2180 1554 2212 quoscumque
1572 2169 1688 2201 iudices
1713 2178 1765 2200 or-

1023 2223 1162 2256 dinarios
1176 2227 1204 2256 ct
1218 2223 1389 2264 delegatos,
1402 2222 1522 2256 sublata
1542 2222 1586 2254 eis
1601 2226 1630 2253 et
1655 2231 1764 2253 eorum

1024 2277 1153 2310 cuilibet
1181 2276 1290 2319 quavis
1314 2276 1404 2308 aliter
1429 2275 1585 2308 iudicandi
1612 2279 1641 2308 et
1664 2275 1762 2307 inter-

1024 2330 1167 2373 pretandi
1190 2330 1333 2362 facultate
1359 2335 1388 2361 et
1412 2328 1607 2369 auctoritate,
1634 2327 1764 2360 iudicari

1025 2388 1055 2415 et
1078 2382 1201 2415 definiri
1239 2382 1371 2416 debere.
1397 2392 1431 2413 ae
1463 2381 1586 2414 irritum
1620 2385 1650 2412 et
1674 2379 1766 2412 inane

1026 2436 1179 2480 quidquid
1197 2447 1285 2469 secus
1303 2435 1457 2479 superbis
1471 2445 1487 2466 a
1507 2444 1677 2477 quoquam,
1694 2444 1767 2477 qua—

1027 2489 1070 2521 vis
1099 2489 1301 2528 auctoritate,
1327 2488 1461 2520 scienter
1491 2488 1538 2519 vel
1574 2488 1766 2530 ignoranter,

1026 2543 1193 2586 contigerit
1218 2541 1374 2581 attentari,
1387 2540 1586 2574 decernimus
1612 2545 1642 2573 et
1665 2539 1767 2573 decla-

1026 2605 1143 2628 ramus.

1779 207 1826 235 An.
1843 208 1871 236 C.
1895 209 1962 236 1647

1832 693 1847 712 Α
1870 693 1964 712 censuris

1780 718 1879 739 absolvit.

1808 1487 1921 1508 Confirmat
1929 1487 1967 1517 ‹te-

1780 1517 1859 1534 eretum
1871 1516 1932 1540 prout
1944 1520 1964 1534 in

1781 1540 1874 1563 rubrum·
