2107 3142
102 180 153 206 An.
170 179 198 205 C.
221 180 287 205 ltllff.

137 1891 260 1913 Exordium.

334 171 396 203 :liti
888 178 1068 203 ssULLARmM

304 227 329 260 si
368 227 518 271 praefatis
559 233 585 259 et
628 236 739 259 eorum
781 225 911 258 cuilibet
943 226 983 259 sit
1014 226 1052 259 ab

304 280 415 313 eadem
436 280 515 313 Sede
541 279 708 317 indultum,
726 277 810 321 quod
836 279 1051 311 excommuni-

305 334 380 376 cari,
394 333 553 377 suspendi,
571 332 727 374 interdici,
746 332 777 364 in
794 332 946 365 iudicium
965 338 1052 366 extra

305 398 377 420 suas
401 386 580 430 provincias
605 390 636 418 et
660 385 831 426 dioeceses,
856 386 904 419 vel
928 387 1052 419 nonnisi

305 441 398 473 certis
423 439 676 472 solemnitatibus
701 439 843 481 servatis,
865 440 947 472 trahi
976 451 1052 473 neu-

306 494 425 536 tiquam
449 493 572 536 possint
603 503 661 536 per
682 492 802 526 litteras
821 503 885 526 non
904 493 1054 527 facientes

306 556 488 589 expressam
513 556 549 578 ac
574 545 767 578 individuam
793 546 832 579 de
856 546 979 580 indulto
999 547 1054 579 hu-

306 599 443 632 iusmodi
461 599 672 639 mentionem,
694 604 724 631 et
748 599 888 642 qualibet
912 599 1053 633 eiusdem

306 653 395 687 sedis
427 654 623 697 indulgentia
657 653 797 696 generali
822 654 870 687 vel
903 654 1052 697 speciali,

306 717 363 749 per
387 717 482 749 quam
514 707 735 750 praesentibus
761 716 824 739 non
850 717 1030 750 expressam
1046 735 1053 747 ‚

306 761 355 792 vel
389 760 526 794 totaliter
550 770 613 792 non
639 760 806 801 insertam,
838 760 1052 804 praesentium

306 813 484 846 litterarum
501 813 632 846 effeetus
657 818 688 846 et
708 812 852 846 illarum¹
873 813 982 856 vigore
1002 824 1054 856 ge-

307 866 480 899 rendorum
499 867 668 910 exequutio
696 866 843 910 impediri
860 868 908 900 vel
925 878 1052 911 quoquo

309 919 403 952 modo
428 919 549 952 differri
575 920 685 960 valeat,
703 925 733 952 et
753 920 790 952 de
815 922 878 963 qua
899 920 1052 964 cuiusque
1069 914 1071 950 1

309 977 373 1006 toto
398 976 507 1006 tenore
532 972 673 1006 facienda
691 973 730 1006 sit
746 974 777 1006 in
794 973 913 1006 eisdem
939 974 1052 1006 litteris
1069 983 1070 1014 ᾗ

309 1026 426 1059 mentio
451 1026 605 1070 specialis.
1069 1068 1071 1080 Ι

351 1080 463 1113 Datum
483 1080 610 1120 Romae,
627 1080 708 1123 apud
728 1080 757 1112 S.
776 1076 985 1119 Petrum,sub
1004 1091 1071 1119 an-¹

308 1133 383 1165 nulo
410 1132 595 1172 Piscatoris,
616 1132 665 1165 die
692 1143 767 1166 xxvi
792 1132 870 1165 iunii
895 1130 1071 1180 mestun}

309 1185 511 1228 pontificatus
534 1185 636 1218 nostri
660 1196 743 1218 anno
768 1196 818 1219 xx.

344 1247 402 1274 Dat.
418 1247 462 1275 die
477 1248 512 1274 26
526 1247 593 1274 iunii
610 1248 688 1282 1643,
705 1248 801 1282 pontif.
820 1255 888 1274 anno
905 1254 951 1274 xx.

581 1390 777 1425 DCCXCVlll.
1069 1329 1073 1370 ἱ

312 1471 403 1510 Quot!
427 1471 659 1513 prorincz'alcx,
682 1472 809 1515 priores·
841 1476 869 1503 cl
902 1472 964 1504 alii
989 1455 1074 1518 offi-{

354 1524 452 1556 (iales
471 1524 606 1557 Ordinis
623 1526 767 1566 fratrum
785 1525 1057 1557 Praedicatorum

354 1577 488 1609 realiter
513 1582 540 1609 ct
566 1588 633 1609 cum
656 1578 766 1620 effectu
784 1588 843 1620 per
864 1582 961 1610 cotum
985 1582 1058 1610 tem-

350 1641 415 1674 pus
446 1641 464 1662 a
498 1630 784 1663 cuns![tuliom'lms
817 1632 1057 1674 praescriptum

355 1684 475 1717 durare
496 1685 620 1728 possin!
646 1689 674 1717 e!
698 1685 858 1717 valcant?

521 1765 657 1791 Urbanus
674 1766 752 1799 Papa
768 1765 847 1797 VIII,

462 1811 497 1836 nd
518 1810 652 1837 futuram
667 1810 711 1838 rei
726 1812 906 1838 memoriam.

357 1880 400 1913 Ex
425 1880 620 1913 incumbenti
644 1881 735 1914 nobis
752 1882 943 1924 apostolicae
960 1882 1056 1914 servi·
1072 1870 1075 1913 ἶ

312 1933 385 1966 tutis
410 1933 515 1966 officio
540 1933 579 1966 ad
603 1944 639 1966 ea
663 1934 797 1968 libenter
829 1935 969 1967 animum
994 1945 1053 1968 no·
1073 1957 1075 1984 2

313 1991 413 2019 strum
434 1986 659 2027 convertimus,
677 1998 734 2031 per
751 1998 831 2031 quae
848 1998 1055 2031 personarum

313 2039 536 2083 quarumlibet,
561 2041 750 2082 praesertim
776 2051 850 2073 vero
875 2041 1056 2083 religiosam

313 2093 408 2125 vitam
433 2093 627 2135 ducentium,
646 2094 822 2126 commodis
847 2098 878 2127 et
901 2094 1057 2127 indemni-

313 2146 368 2178 tati
393 2151 574 2189 opportune
598 2147 790 2179 consulatur.

359 2199 374 2242 ξ
394 2199 423 2231 l.
441 2199 730 2242 Supplicationibus
748 2200 853 2244 itaque
869 2201 1058 2234 dilectorum
1075 2221 1077 2246 l

313 2252 453 2284 liliorum
478 2252 731 2295 provincialium,
757 2255 901 2297 priorum
926 2258 957 2288 et
981 2254 1059 2287 alio-

316 2316 385 2338 rum
414 2305 597 2338 officialium
622 2306 747 2339 Ordinis
772 2308 904 2340 fratrum
935 2308 1061 2340 Praedi-

315 2364 457 2392 catorum
482 2359 573 2392 nobis
598 2360 759 2393 humiliter
782 2361 938 2404 porrectis
965 2361 1056 2394 incli-

354 2451 362 2475 1
383 2449 454 2476 Edit.
473 2448 550 2476 Main.
567 2449 633 2484 legit
647 2450 767 2477 illorum
782 2450 821 2484 (n.
838 2450 886 2483 Ἅι),

351 2494 367 2519 Ξ).
383 2493 419 2520 De
437 2493 594 2521 huiusmodi
609 2494 708 2520 Ordine
728 2494 787 2529 lege
803 2494 892 2521 (Jonst.
913 2500 980 2520 necti
1001 2495 1060 2521 Do-

319 2538 395 2565 mini
414 2540 527 2573 nostri,
550 2538 630 2565 huius
655 2539 720 2566 tomi
741 2547 802 2574 pag.
828 2538 879 2571 83,
900 2542 927 2565 et
947 2539 1059 2566 Coustit.

318 2588 451 2614 ncctxvn,
468 2583 568 2617 Nuper
582 2593 598 2609 α
616 2583 706 2614 nobis.
724 2586 752 2609 ut
771 2591 862 2618 supra,
884 2591 946 2618 pag.
962 2583 1024 2610 ⁶218.

1093 179 1248 203 ROMANUM
1477 214 1480 215 ⁷

1086 225 1160 267 nati,
1185 227 1270 270 quod
1294 232 1430 272 tempus,
1455 240 1518 273 quo
1539 230 1634 264 iidem
1656 231 1833 274 provincia-

1086 279 1142 321 les,
1159 279 1286 322 priores
1303 285 1333 313 et
1350 281 1402 313 alii
1423 282 1572 316 officiales
1593 283 1746 327 praedicti
1766 284 1832 316 sine

1086 332 1217 375 propria
1242 333 1335 376 culpa
1354 344 1464 367 eorum
1489 336 1699 378 prohibentur
1724 342 1754 369 et
1779 337 1834 369 im-

1069 384 1253 428 ipedientur
1283 387 1453 429 quominus
1478 388 1539 420 sibi
1569 388 1755 422 demandata
1779 391 1829 423 os-

1087 437 1157 470 ficia
1181 443 1211 471 et
1235 449 1368 472 munera
1393 439 1423 472 in
1448 441 1584 484 propriis
1608 443 1780 485 provinciis
1803 451 1829 476 et

1087 492 1294 525 conventibus
1320 493 1494 536 respective
1511 495 1721 537 personaliter
1746 507 1832 529 exer-

1087 555 1158 578 cere
1182 547 1313 589 possint,
1330 556 1393 580 non
1419 552 1620 590 computetur
1639 548 1671 580 in
1688 554 1830 594 tempore

1087 598 1125 630 ab
1151 599 1292 632 eiusdem
1310 600 1435 633 Ordinis
1460 601 1737 634 constitutionibus
1760 613 1832 646 apo-

1087 652 1197 685 stolioa
1229 653 1415 686 auctoritate
1446 653 1641 687 confirmatis
1672 655 1831 697 stabilito,

1087 705 1140 738 sed
1173 706 1256 749 quod
1289 707 1348 750 ipsi
1382 707 1612 750 provinciales,
1645 709 1770 752 priores
1802 716 1831 742 et

1087 758 1138 790 alii
1163 759 1312 792 officiales
1341 759 1523 793 huiusmodi
1554 760 1682 794 realiter
1706 767 1736 795 et
1760 773 1830 796 cum

1087 811 1203 843 effectu
1220 811 1252 844 in
1269 822 1379 845 eorum
1397 813 1582 846 muneribus
1599 819 1629 846 et
1646 815 1757 848 ossiciis
1775 826 1832 859 per

1088 870 1186 897 totum
1213 870 1337 909 tempus
1354 866 1393 898 ab
1411 866 1529 900 eisdem
1555 868 1832 902 constitutionibus

1087 928 1271 951 concessum
1298 922 1327 952 et
1351 920 1582 963 praescriptum
1601 921 1716 953 durare
1731 921 1832 954 libere,

1087 974 1116 1005 et
1140 971 1225 1004 licite
1249 973 1372 1015 possint
1390 978 1420 1005 ct
1437 974 1573 1014 valeant,
1591 975 1764 1017 apostolica
1782 986 1833 1008 au-

1087 1025 1248 1066 ctoritate,
1273 1030 1382 1059 tenore
1405 1027 1630 1069 praesentium,
1655 1027 1831 1070 statuimus,

1087 1078 1291 1111 concedimus
1316 1084 1346 1111 et
1369 1078 1580 1122 indulgemus.

1132 1131 1146 1175 g
1171 1131 1200 1163 9..
1226 1131 1406 1165 Mandantes
1433 1136 1601 1176 propterea
1630 1133 1778 1167 omnihus
1803 1141 1833 1167 ct

1070 1184 1230 1227 singulis,
1248 1185 1286 1217 ad
1311 1196 1390 1228 quos
1415 1191 1535 1229 spectat
1561 1191 1591 1218 et
1613 1197 1672 1230 pro
1691 1192 1833 1231 tempore

1088 1237 1255 1280 spectabit,
1274 1243 1307 1270 ut
1323 1238 1451 1271 eosdem
1473 1239 1693 1281 provinciales,
1710 1241 1833 1283 priores

1070 1295 1114 1322 iet
1142 1290 1220 1323 alios
1245 1291 1396 1324 officiales
1428 1291 1610 1325 huiusmodi
1640 1293 1833 1336 praemisso-

1071 1353 1160 1382 ¹rum
1195 1343 1336 1376 omnium
1372 1349 1401 1376 et
1434 1344 1632 1387 singulorum
1665 1347 1834 1381 commodo

1089 1402 1119 1429 ct
1135 1396 1249 1430 effectu
1264 1398 1326 1430 frui
1344 1404 1373 1431 et
1390 1399 1528 1441 gaudere
1545 1399 1647 1432 sinant
1663 1405 1693 1433 et
1710 1401 1833 1439 saciant3

1090 1460 1126 1483 ac
1148 1451 1354 1484 decernentes
1372 1457 1556 1495 praesentes
1570 1453 1690 1491 litteras
1706 1454 1834 1495 validas,

1091 1504 1199 1537 firmas
1223 1509 1252 1536 ct
1277 1505 1420 1538 efficaces
1441 1505 1575 1537 existere
1601 1511 1630 1538 et
1654 1506 1731 1547 sore,
1749 1517 1836 1540 suos-

1091 1568 1152 1601 que
1169 1558 1327 1601 plenarios
1353 1564 1383 1591 et
1407 1559 1548 1602 integros
1573 1560 1702 1593 effectus
1727 1561 1833 1594 sortiri

1091 1615 1121 1643 ct
1151 1611 1314 1652 obtinere,
1348 1617 1378 1644 ct
1405 1612 1443 1644 ab
1476 1612 1624 1645 omnibus
1649 1618 1679 1645 et
1704 1613 1836 1657 singulis

1091 1675 1171 1707 quos
1202 1665 1274 1697 illae
1307 1671 1502 1698 concernunt
1526 1671 1556 1698 et
1581 1672 1773 1699 concernent
1805 1667 1836 1699 in

1073 1718 1232 1751 ,futurum
1265 1718 1487 1753 inviolabiliter
1518 1719 1701 1759 observari,
1731 1720 1838 1764 sicque

1092 1782 1148 1814 per
1173 1782 1389 1815 quoscumque
1403 1772 1522 1805 iudices
1543 1778 1573 1805 et
1590 1773 1837 1815 commissarios,

1092 1824 1202 1868 quavis
1226 1825 1413 1858 auctoritate
1442 1826 1624 1868 fungentes,
1650 1826 1783 1860 iudicari
1809 1833 1838 1859 ct

1091 1878 1216 1910 definiri
1246 1879 1382 1919 debere,
1407 1889 1442 1912 ac
1470 1879 1595 1912 irritum
1621 1885 1651 1912 et
1674 1880 1785 1922 inane,
1812 1881 1834 1912 si

1092 1931 1167 1974 quid
1192 1942 1282 1965 secus
1307 1943 1402 1975 super
1426 1933 1474 1965 his
1499 1943 1516 1965 a
1540 1944 1710 1977 quoquam,
1728 1935 1837 1978 quavis

1091 1985 1288 2026 auctoritate,
1315 1985 1450 2018 scienter
1474 1986 1522 2018 vcl
1547 1986 1740 2029 ignoranter,
1766 1998 1837 2021 con-

1092 2038 1199 2081 tigerit
1223 2039 1377 2071 attentari.

1138 2092 1152 2133 g
1177 2090 1206 2122 τ’».
1232 2091 1300 2124 Non
1332 2091 1528 2124 obstantibus
1561 2092 1837 2126 constitutionibus

1093 2149 1123 2176 et
1147 2143 1398 2177 ordinationibus
1422 2144 1613 2187 apostolicis,
1634 2155 1670 2178 ac
1694 2145 1769 2178 dicti
1786 2146 1839 2180 Or-

1093 2197 1174 2230 dinis
1199 2203 1229 2230 et
1253 2197 1336 2230 illius
1360 2208 1636 2242 quarumcumque
1659 2199 1838 2242 provincia-

1094 2262 1164 2284 rum
1200 2256 1227 2284 ct
1260 2257 1493 2293 conventuum,
1519 2252 1611 2284 etiam
1637 2252 1837 2295 iuramento,

1095 2304 1336 2337 confirmatione
1361 2305 1544 2348 apostolica,
1569 2305 1618 2337 vel
1643 2305 1703 2338 alia
1728 2307 1838 2349 quavis

1094 2357 1243 2390 firmitate
1268 2357 1436 2397 roboratis,
1461 2357 1584 2390 statutis
1608 2362 1638 2390 et
1663 2363 1835 2392 consuetu-

1095 2411 1221 2444 dinibus
1236 2440 1243 2454 ,
1267 2411 1443 2455 privilegiis
1475 2422 1623 2455 quoque,
1648 2412 1777 2445 indultis
1810 2417 1840 2445 ct

1094 2464 1207 2497 litteris
1232 2465 1422 2508 apostolicis,
1437 2465 1599 2508 quibusvis
1624 2465 1765 2498 eiusdem
1783 2465 1839 2499 Or-

1095 2519 1176 2551 dinis
1201 2519 1422 2562 superioribus
1446 2519 1594 2552 fratribus
1619 2524 1649 2552 et
1672 2519 1836 2563 personis,

1095 2573 1153 2605 sub
1179 2573 1433 2616 quibuscumque.
1457 2573 1621 2606 tenoribus
1649 2577 1679 2605 ct
1707 2573 1815 2606 formis
1831 2600 1838 2613 ,

1848 184 1897 211 An.
1915 185 1942 211 C.
1966 185 2033 213 1643

1917 1143 2032 1174 Dprogatio

1851 1172 2010 1192 cnuti-anorum.

1872 2098 1994 2120 Mandatum
2011 2099 2038 2121 do

1853 2125 1994 2148 observando.

2041 261 2052 274 θ
