2107 3142
188 120 236 147 An.
255 122 285 148 C.
306 121 371 149 ¹639
417 113 459 145 40

226 1147 310 1167 pix-suit

184 1174 242 1195 libris
254 1174 366 1195 bibliothe-

225 1469 370 1490 Communicat

183 1501 214 1516 eis
256 1496 367 1522 privilegia

184 1522 273 1543 aliarum
286 1525 368 1549 prox-tn-

185 1550 270 1570 darum.

387 180 542 204 consensu
576 171 704 214 capituli
736 169 936 213 provincialis
966 170 1013 203 vel
1046 170 1126 203 deti-

385 224 492 258 nitorii
519 224 603 268 pleni
631 223 770 256 eiusdem
787 223 978 267 provinciae,
997 228 1026 258 et
1046 225 1130 268 quod

385 278 565 311 huiusmodi
583 277 773 320 superiores,
789 278 981 322 quicumque
998 279 1041 311 illi
1059 279 1129 319 sint,

384 342 446 365 uon
471 330 590 374 possint
614 330 728 363 fratres
752 331 929 374 praedictos
955 331 1129 371 licentiat-e,

384 390 417 416 ut
435 384 465 416 in
483 383 630 416 domibus
652 384 841 416 secularium
864 395 919 417 seu
940 389 1029 418 extra
1046 385 1130 418 clau-

384 444 448 470 stra
481 437 642 478 habitent,
671 438 730 471 uisi
764 440 890 472 servata
920 439 958 472 ad
991 449 1128 482 unguem

383 493 484 524 fornia
510 502 527 523 a
551 491 709 524 Clemente
735 492 815 536 Papa
841 493 905 525 vill
935 493 1125 536 praedeces-

384 555 456 578 sore
480 550 590 578 nostro
614 545 811 589 praescripta
836 545 867 577 in
887 546 976 578 Bulla
1000 556 1055 579 seu
1082 546 1131 578 lit-

384 598 458 632 teris
494 598 533 631 de
566 599 791 632 reformatione
823 600 1019 643 regularium
1052 600 1128 632 inci-

384 653 541 697 pientibus
571 653 694 686 Nullus
724 655 855 687 omnino
884 657 1053 697 praetentu
1080 664 1130 686 cu-

384 707 575 750 iuscumque
596 706 781 750 privilegyiz',
802 706 860 739 sub
878 717 959 739 anno
980 705 1128 746 iinxmx‘,

384 770 508 804 nempe,
534 760 618 804 quod
644 760 720 793 tales
744 760 889 793 licentiae
915 760 974 793 nisi
1000 772 1035 793 cx
1062 771 1130 803 gra-

384 814 510 848 xissima
539 815 630 846 causa
661 824 678 846 a
706 813 785 848 Sede
809 814 989 858 Apostolica
1014 824 1129 858 appro-

383 866 486 899 banda
508 867 686 899 nullatenus
712 867 937 907 concedantur,
955 878 1034 910 quae
1055 877 1129 899 vero

384 921 474 953 aliter
507 930 675 953 concessae
700 920 782 961 sint,
807 920 876 964 ipso
910 921 989 953 facto
1022 921 1147 953 irritae

384 979 414 1007 et
438 974 543 1007 nullae
568 978 766 1014 censeantur,
791 978 822 1006 et
846 973 985 1016 religiosi
1017 973 1129 1006 talibus

384 1028 518 1062 licentiis
544 1030 665 1061 utentes
691 1027 794 1061 statim
820 1027 857 1059 ad
883 1027 1016 1059 claustra
1043 1035 1147 1060 revo-'

1146 1093 1148 1098 ·
1165 1086 1246 1113 teras
1261 1108 1267 1120 ‚

384 1088 512 1121 eentum

429 1137 443 1181 ᾖ
464 1137 492 1169 ὅ.
515 1136 666 1180 Quodque
689 1137 809 1180 possint
829 1136 923 1169 iidem
945 1137 1057 1169 fratres
1078 1136 1129 1169 lti-

385 1190 530 1224 scalceati
548 1190 629 1223 intra
644 1196 730 1234 septa
751 1190 863 1223 domus
882 1190 1038 1233 regularis
1056 1200 1130 1223 suae

385 1244 484 1277 libros
509 1254 526 1276 a
550 1243 750 1277 bibliothecis
781 1243 818 1276 de
847 1243 974 1276 licentia
999 1243 1129 1286 praelati

385 1297 561 1331 abstractos
578 1297 706 1338 habere,
726 1302 756 1330 et
780 1297 841 1329 illis
866 1297 925 1338 uti,
947 1296 1129 1337 dummodo,

385 1356 553 1395 qostquam
579 1350 639 1383 illis
664 1350 712 1383 usi
738 1350 864 1391 suerint,
882 1349 991 1382 iisdem
1018 1349 1129 1383 biblio-

385 1404 484 1438 thecis
508 1404 579 1437 illos
603 1404 771 1437 restituere
796 1409 983 1447 procurent:

429 1459 444 1502 §
469 1458 496 1493 9.
525 1460 567 1491 Ac
592 1458 719 1490 demum
752 1457 898 1491 ministro
923 1457 1130 1501 provinciali,

385 1511 524 1552 custodi,
549 1521 672 1544 necnon
697 1510 898 1553 guardianis,
923 1510 1130 1545 conventibus

384 1570 414 1598 et
438 1564 591 1598 fratribus
616 1564 772 1597 universis
801 1564 902 1597 dictae
925 1564 1106 1608 provinciae
1122 1592 1129 1605 ‚

384 1629 467 1653 nunc
499 1625 528 1652 et
560 1629 619 1662 pro
656 1622 798 1662 tempore
834 1618 1063 1659 existentibus,
1098 1624 1131 1651 ut

384 1672 532 1707 omnibus
564 1678 593 1705 et
626 1672 758 1714 singulis
789 1672 919 1715 gratiis,
945 1672 1073 1705 indultis
1101 1676 1131 1706 et

385 1726 568 1772 privilegiis,
588 1725 850 1769 exemptionibus,
868 1726 1128 1767 immunitatibus,

384 1779 595 1820 libertatibus,
613 1779 784 1819 favoribus,
803 1779 1006 1822 indulgentiis
1031 1785 1061 1812 et
1085 1780 1130 1812 lit-

386 1834 460 1868 teris
478 1833 659 1877 apostolicis
685 1837 747 1865 tam
765 1833 793 1866 S.
810 1832 931 1876 Iosephi
949 1838 979 1865 et
995 1834 1024 1865 S.
1043 1833 1129 1866 Pauli
1146 1855 1148 1862 ,

385 1898 479 1932 quam
500 1886 664 1931 quibusvis
682 1886 749 1919 aliis
768 1886 908 1918 eiusdem
926 1886 1050 1919 Ordinis
1067 1887 1129 1919 fra-

385 1948 469 1975 trum
500 1941 766 1975 Discalceatorum
798 1940 1018 1984 Hispaniarum
1049 1952 1125 1984 pro-

386 1996 494 2029 vinciis
518 2006 575 2039 per
592 2005 809 2039 quoscumque
825 1995 983 2028 Romanos
1002 1995 1129 2027 Pontifi-

385 2060 436 2083 ces
468 2048 728 2094 praedecessores
760 2053 885 2081 nostros
918 2058 953 2080 ac
985 2059 1041 2092 per
1072 2059 1130 2082 nos

385 2109 415 2137 et
439 2103 551 2137 Sedern
576 2103 788 2147 Apostolicam
812 2102 1005 2146 praedictam
1030 2102 1130 2136 hacte-

384 2168 443 2191 nus
461 2157 619 2191 concessis
637 2161 666 2190 et
682 2156 892 2200 imposterum
910 2156 1128 2198 concedendis,

384 2221 484 2255 aeque
517 2221 553 2244 ac
585 2210 610 2243 si
641 2210 767 2254 ipsimet
797 2209 979 2254 provinciae
1009 2209 1037 2242 S.
1067 2210 1129 2243 An-

386 2264 461 2299 tonii
486 2263 673 2297 nominatim
699 2273 848 2297 concessa
872 2263 1022 2303 fuissent,
1047 2263 1129 2304 srui,

384 2318 479 2362 potiri
504 2323 535 2350 et
559 2317 697 2360 gaudere
718 2322 871 2361 perpetuo
891 2317 1013 2361 possint
1032 2322 1062 2350 et
1082 2327 1130 2349 va-

387 2373 480 2413 leant,
497 2371 683 2405 auctoritate
704 2376 734 2404 et
754 2376 863 2404 tenore
887 2371 1055 2415 praedictis
1080 2381 1130 2415 pa-

386 2425 462 2458 riter
480 2430 635 2470 perpetuo
653 2425 854 2458 concedimus
872 2431 902 2458 et
918 2425 1127 2468 indulgemus.

420 2497 433 2523 <1
452 2496 560 2531 Legitur
575 2497 602 2523 in
619 2501 684 2524 tom.
701 2503 728 2532 x,
746 2505 805 2533 pag.
823 2496 856 2523 37
872 2496 923 2523 suh
940 2497 1032 2523 datum
1052 2496 1128 2530 1593,

387 2545 413 2569 et
427 2541 527 2569 iterum
542 2541 567 2568 in
585 2545 649 2570 tom.
667 2548 727 2577 xm,
745 2550 805 2578 pag.
822 2542 872 2569 207
889 2541 927 2577 (n.
941 2543 990 2577 T.).

971 122 1150 147 BULLARIUM
1174 122 1328 147 ROMANUM

1166 171 1389 216 Volumusque,
1415 173 1579 207 statuimus
1603 179 1633 208 et
1657 175 1839 209 ordinamus
1862 187 1908 210 re-

1166 225 1311 269 spective,
1334 231 1364 258 et
1384 226 1514 270 insuper
1528 228 1743 272 praecipimus
1763 229 1908 263 ministro

1165 283 1195 311 et
1228 279 1447 313 commissario
1476 281 1678 323 generalibus
1702 282 1827 316 Ordinis
1853 284 1908 316 Mi-

1164 342 1278 365 norum
1304 333 1459 376 regularis
1481 334 1713 376 Observaniiae,
1728 341 1758 368 et
1781 336 1909 380 quibus-

1165 385 1210 418 vis
1242 386 1468 419 commissariis
1497 393 1528 420 et
1551 387 1765 422 visitatoribus
1792 389 1831 422 ad
1859 390 1907 423 di-

1165 443 1246 471 ctam
1276 439 1473 482 provinciam
1504 440 1532 472 S.
1566 441 1692 474 Antonii
1722 442 1906 483 destinatis,

1165 492 1339 536 ceterisque
1369 498 1430 525 tam
1456 494 1604 536 praelatis
1629 505 1724 538 quam
1754 496 1906 537 subditis,

1164 545 1221 578 sub
1257 545 1591 579 excomnuinicationis
1624 547 1704 580 latae
1736 549 1906 583 sententiae

1163 609 1199 631 ac
1223 598 1408 642 privationis
1429 609 1705 643 quorumcumque
1729 601 1906 636 officiorum

1164 656 1194 684 et
1218 651 1405 694 dignitatum
1431 662 1468 685 co
1493 652 1562 696 ipso
1583 653 1701 696 absque
1722 655 1783 687 alia
1802 655 1906 689 decla-

1144 703 1147 720 ²
1164 704 1286 738 ratione
1301 705 1490 738 incurrenda
1503 708 1617 750 poena,
1629 717 1668 740 ne
1682 707 1712 740 in
1726 709 1908 752 praemissis

1164 760 1275 791 I‘ratrcs
1312 758 1490 803 praedictos
1526 760 1735 794 Discalceatos
1772 762 1904 806 provin-

1165 811 1229 845 ciae
1243 813 1271 845 S.
1294 812 1419 846 Antonii
1437 813 1617 847 huiusmodi
1643 814 1747 848 litibus
1773 816 1907 859 gravari,

1164 870 1217 898 aut
1243 866 1353 909 quovis
1385 866 1480 900 modo
1511 868 1670 901 molestari
1704 869 1907 912 permittant,

1164 918 1339 962 quinimmo
1366 920 1527 963 praedicta
1557 921 1663 954 onmia
1688 922 1853 965 privilegia
1877 928 1908 956 et

1165 973 1284 1005 indulta
1302 973 1361 1005 illis
1380 973 1602 1007 inviolabiliter
1620 975 1788 1009 observent
1804 981 1835 1009 et
1850 977 1906 1010 ob-

1165 1027 1284 1059 servari
1309 1027 1433 1067 saciant,
1459 1038 1494 1061 ac
1518 1038 1574 1072 per
1599 1038 1670 1061 suas
1695 1029 1843 1073 proprIas
1862 1030 1909 1063 lit-

1300 1081 1423 1124 quoties
1459 1092 1517 1125 pro
1549 1086 1639 1125 parte
1673 1082 1908 1126 praedictorum

1164 1135 1297 1167 fratrum
1323 1134 1589 1168 Discalceatorum
1616 1136 1732 1169 fuerint
1755 1136 1908 1181 requisiti,

1164 1188 1288 1221 faveant
1312 1192 1342 1220 et
1366 1188 1520 1221 assistant.

1210 1242 1224 1285 ξ,
1246 1242 1292 1275 to.
1311 1242 1347 1275 Et
1368 1242 1572 1277 nihilominus
1594 1244 1824 1278 venerabilibus
1849 1245 1909 1278 fra-

1166 1295 1266 1329 tribus
1283 1296 1530 1340 Ulyssiponensi,
1547 1298 1753 1331 Bracharensi
1770 1302 1800 1333 et
1816 1299 1909 1333 Elbo-

1164 1350 1249 1383 rensi
1274 1350 1519 1395 archiepiscopis
1543 1357 1573 1384 et
1598 1352 1828 1386 Conimbriensi
1843 1354 1908 1398 epi-

1165 1414 1278 1447 scopo,
1305 1414 1480 1448 eorumque
1505 1405 1709 1446 officialibus,
1735 1416 1770 1439 ac
1794 1406 1909 1441 dilecto

1165 1457 1229 1491 filio
1247 1467 1414 1491 causarum
1433 1458 1539 1492 curiae
1557 1469 1701 1492 camerae
1717 1460 1908 1504 apostolicae

1165 1511 1305 1554 generali
1325 1511 1471 1553 auditori,
1489 1522 1546 1556 per
1568 1518 1749 1557 praesentes
1769 1515 1909 1548 commit-

1166 1564 1260 1598 timus
1288 1569 1318 1598 et
1347 1565 1553 1607 mandamus,
1577 1571 1730 1610 quatenus
1755 1567 1835 1611 ipsi,
1861 1568 1908 1601 vel

1165 1618 1238 1659 duo,
1263 1624 1316 1651 aut
1341 1629 1420 1652 unus
1441 1630 1562 1659 eorum,
1583 1631 1640 1663 per
1664 1630 1706 1661 se,
1729 1621 1777 1653 vel
1801 1621 1907 1662 alium,

1165 1683 1220 1705 seu
1237 1672 1325 1713 alios,
1342 1678 1524 1717 praesentes
1540 1673 1660 1707 litteras
1678 1678 1708 1707 et
1728 1674 1760 1707 in
1777 1674 1821 1708 eis
1839 1685 1909 1709 con-

1165 1730 1248 1760 tenta
1272 1736 1510 1770 quaecumque,
1535 1726 1589 1760 ubi
1621 1732 1652 1760 et
1681 1728 1805 1771 quando
1829 1738 1908 1773 opus

1164 1780 1277 1821 fuerit,
1303 1790 1339 1813 ac
1364 1780 1486 1823 quoties
1518 1791 1577 1824 pro
1607 1786 1696 1824 parte
1721 1782 1908 1816 eorumdem

1164 1834 1297 1866 fratrum
1328 1833 1593 1866 Discalceatorum
1625 1834 1761 1878 desuper
1792 1835 1909 1870 fuerint

1164 1886 1328 1930 requisiti,
1362 1887 1545 1920 solemniter
1576 1888 1758 1931 publicent,
1783 1889 1908 1934 illisque

1164 1941 1195 1973 in
1220 1940 1401 1984 praemissis
1419 1940 1553 1974 efficacis
1573 1941 1764 1975 defensionis
1789 1943 1907 1987 praesi-

1163 1994 1215 2027 dio
1233 1994 1387 2035 assistant,
1402 1994 1577 2039 faciantque
1595 1996 1781 2029 auctoritate
1798 1999 1907 2031 nostra

1165 2058 1217 2081 cos
1242 2048 1424 2091 praemissis
1445 2049 1591 2081 omnibus
1615 2054 1645 2081 et
1669 2049 1801 2092 singulis
1825 2051 1908 2094 paci-

1165 2101 1222 2134 fice
1253 2102 1313 2133 srui
1346 2104 1375 2135 et
1408 2101 1566 2143 gaudere,
1596 2112 1659 2135 non
1690 2103 1907 2147 permittentes

1165 2164 1217 2187 eos
1241 2154 1378 2198 desuper
1408 2165 1464 2198 per
1496 2155 1652 2199 praelatos
1683 2157 1846 2199 generales
1878 2161 1908 2190 et

1164 2207 1340 2241 visitatores
1365 2208 1543 2252 praedictos
1570 2209 1808 2253 quomodolibet
1832 2220 1904 2243 mo-

1164 2262 1287 2302 lestari3
1322 2262 1570 2296 contradictores
1602 2263 1759 2307 quoslibet
1789 2268 1819 2297 et
1850 2274 1904 2297 re-

1164 2316 1271 2358 belles,
1298 2320 1327 2350 et
1358 2317 1542 2361 praemissis
1566 2328 1629 2351 non
1660 2323 1826 2361 parentes,
1851 2329 1908 2362 per

1164 2370 1354 2411 sententias,
1380 2380 1528 2404 censuras
1553 2377 1583 2404 et
1606 2382 1724 2415 poenas
1754 2371 1905 2405 ecclesia--

1164 2423 1277 2466 sticas,
1311 2424 1432 2468 aliaque
1464 2430 1643 2468 opportuna
1670 2425 1747 2458 iuris
1774 2430 1804 2458 et
1834 2425 1907 2458 facti

1164 2477 1313 2518 remedia,
1338 2478 1548 2521 appellatione
1571 2478 1756 2522 postposita,
1781 2488 1907 2522 compe-

1164 2531 1295 2573 scendo,
1320 2531 1533 2575 legitimisque
1559 2543 1654 2576 super
1679 2532 1728 2566 lus
1753 2531 1905 2566 habendis

1924 128 1973 156 An.
1990 130 2017 158 C.
2035 130 2102 164 163&

1961 1260 2100 1291 Exequutom

1924 1287 2026 1315 deputati.
