2107 3142
158 171 208 197 An.
226 172 252 197 C.
274 171 344 197 111th

204 766 343 791 l'cipetuum-

160 800 200 820 quo
237 792 343 812 silentium

158 821 298 843 Itisratreatis
308 821 343 840 ini·

160 850 223 876 pouit.

186 930 303 950 Clausutae.

191 1516 310 1537 Decretum.
322 1522 346 1535 ue

164 1543 269 1567 generatis
301 1543 348 1562 tzitt-

164 1572 272 1589 rtnttoruui
289 1569 347 1595 ιμιιιΙ-

164 1612 202 1642 «ιμ’,
219 1623 290 1643 sti-itini
310 1623 348 1643 atl-

164 1650 229 1670 «licat.

188 1942 211 1962 tt<
221 1944 301 1962 tumltu
315 1948 325 1958 ι»
336 1948 349 1956 ¹-

166 1972 272 1989 stantium.

391 161 431 191 ‚38
932 168 1109 192 utilititatem
1135 167 1289 192 Romanu

358 224 385 251 et
408 219 608 251 donationem
627 216 785 260 quondam
801 216 924 249 Elvirae
938 216 1100 260 Maurique

358 274 468 305 factam
487 270 652 305 conventui
670 269 698 303 S.
715 269 870 303 Barbarae
888 269 1000 304 Matriti
1014 270 1100 303 Tole-

358 331 446 358 tanae
476 324 646 363 dioecesis,
671 332 734 355 non
759 323 840 356 sacta
865 323 1098 367 expressione',

358 380 397 411 ita
417 383 451 410 ut
471 378 502 409 in
522 376 697 410 ministerio
715 376 942 421 redemptionis
967 378 1100 421 captivo-

357 441 427 464 rum
452 430 604 463 attributo
629 440 685 464 seu
709 440 860 464 concesso
885 442 942 474 per
968 441 1099 463 coneor-

356 485 440 517 diam
469 484 517 517 vel
547 483 668 517 litteras
702 483 890 528 apostolicas
923 483 1100 528 praedictas

357 538 509 580 magistro
530 537 670 581 generali
694 537 851 571 dictorum
878 537 1012 569 fratrum
1033 536 1099 569 Cal-

357 596 519 624 ceatorum
544 591 773 635 comprehensa
798 596 828 624 et
853 590 1100 634 comprehensae

358 645 418 678 sint
443 651 471 678 et
496 644 825 688 comprehendantur,
850 643 1021 687 apostolica
1045 653 1100 675 au-

358 699 511 741 ctoritate,
527 704 635 731 tenore
650 697 874 742 praesentium,
893 696 1099 730 declaramus.

403 754 417 795 ξ
442 752 471 786 6.
497 753 686 796 Eisdemque
711 751 863 784 fratribus
884 750 1101 791 Disealceatis,

359 817 469 840 eorum
501 805 730 846 conventibus,
755 809 785 837 et
810 804 927 837 vicario
962 803 1101 847 generali

359 865 546 905 perpetuum
572 858 732 892 silentium
757 857 958 902 imponimus.

403 915 468 958 {7-
497 914 611 957 Sicque
642 912 681 945 ab
713 912 862 945 omnibus
894 911 1036 953 censeri,
1073 916 1103 944 et

359 979 415 1012 per
435 977 652 1012 quoscumque
670 966 789 999 iudices
804 965 982 1002 ordinarios
1002 969 1032 998 et
1049 964 1102 997 de-

360 1023 490 1064 legatos,
504 1021 598 1054 etiam
612 1029 781 1053 causarum
805 1018 912 1062 palatii
936 1018 1102 1062 apostolici

359 1076 529 1115 auditores,
554 1085 589 1106 ae
610 1074 638 1106 S.
665 1074 699 1106 R.
725 1073 757 1105 E.
784 1072 977 1112 cardinales,
1009 1072 1102 1104 etiam

359 1129 397 1162 de
430 1130 526 1161 latere
556 1129 690 1171 legatos,
722 1126 843 1160 sublata
868 1126 912 1159 eis
937 1131 968 1158 et
993 1135 1102 1158 eorum

360 1182 488 1215 cuilibet
512 1181 622 1225 quavis
653 1180 744 1213 aliter
769 1178 927 1213 iudicandi
952 1184 982 1212 et
1006 1179 1104 1212 inter-

359 1235 502 1279 pretandi
528 1235 672 1268 facultate
698 1239 727 1266 et
747 1233 950 1275 auctoritate,
972 1232 1103 1265 iudicari

361 1296 388 1323 et
421 1289 546 1322 definiri
568 1287 699 1329 debere,
724 1297 759 1319 ac
785 1287 910 1319 irritum
935 1291 964 1319 et
994 1287 1103 1328 inane,

361 1345 385 1376 si
411 1353 501 1376 secus
522 1352 618 1386 super
638 1342 687 1374 his
703 1351 719 1374 a
740 1351 910 1384 quoquam,
925 1340 1034 1384 quavis
1053 1351 1106 1373 au-

362 1396 520 1436 ctoritate,
546 1395 680 1428 scienter
709 1395 756 1427 rel
786 1395 978 1437 ignoranter,
1004 1393 1105 1427 eonti-

362 1450 444 1493 gerit
469 1449 626 1489 attentari,
642 1448 853 1481 decernimus.

408 1504 422 1547 ξ
446 1505 474 1536 δ’,
503 1503 652 1536 Volumus
676 1508 792 1541 tamen,
808 1501 893 1545 quod
911 1501 993 1533 idem
1011 1500 1107 1543 magi-

363 1563 427 1590 ster
441 1557 597 1600 generalis
621 1556 836 1589 Calceatorum
856 1554 968 1588 debeat
985 1554 1107 1597 integre

363 1611 482 1651 relicta,
509 1610 694 1643 donationes
719 1614 749 1642 ct
773 1608 996 1652 dispositiones
1021 1619 1108 1652 prae-

363 1664 462 1697 dictas
487 1663 519 1696 in
543 1663 741 1706 praedictum
775 1672 856 1706 opus
881 1661 1108 1705 redemptionis

364 1717 542 1761 expendere
562 1718 683 1760 absque
703 1727 741 1750 eo
769 1716 854 1759 quod
879 1716 1016 1759 aliquam
1042 1715 1109 1749 illo-

364 1782 434 1804 rum
459 1775 581 1814 partem
606 1780 665 1813 pro
682 1780 725 1810 se,
746 1769 962 1809 conventibus,
980 1775 1032 1802 aut
1052 1770 1108 1801 sua

365 1824 519 1867 religione
531 1824 748 1857 Calceatorum
762 1822 956 1863 huiusmodi,
966 1832 1024 1855 nec
1034 1822 1108 1855 alias

365 1887 517 1922 umquam
542 1877 679 1910 retinere
703 1876 812 1920 possit.

411 1932 424 1973 ξ
444 1930 473 1963 a.
495 1931 563 1963 Non
588 1929 785 1963 obstantibus
810 1928 995 1972 quorumvis
1021 1934 1110 1962 testa-

367 1991 470 2017 torum
488 1987 517 2018 et
537 1983 732 2016 testatricum
749 1982 842 2015 etiam
868 1982 986 2015 ultimis
1004 1983 1109 2015 volun-

367 2038 503 2078 tatibus,
535 2047 571 2070 ac
606 2036 790 2069 donantium
829 2035 1108 2080 dispositionibus,

366 2102 443 2135 quas
468 2091 499 2123 in
537 2096 565 2123 et
601 2090 704 2134 quoad
728 2089 924 2133 praemissa,
955 2094 1109 2133 quatenus

367 2146 444 2177 soret
471 2154 561 2188 opus,
586 2142 778 2176 sufficienter
802 2146 831 2176 et
855 2153 1003 2186 expresse
1027 2153 1110 2176 com-

369 2203 537 2238 mutamus,
553 2207 676 2230 necnon
694 2196 969 2230 constitutionibus
983 2201 1012 2229 et
1029 2196 1110 2229 ordi-

367 2251 545 2285 nationibus
565 2250 756 2295 apostolicis,
776 2260 811 2283 ac
832 2250 1109 2283 constitutionibus

368 2306 632 2339 ltiscalceatorum
651 2304 836 2337 auctoritate
853 2303 1026 2347 apostolica
1039 2313 1109 2336 eon-

368 2360 512 2400 tirmatis,
527 2365 555 2392 et
572 2358 743 2403 praecipue
764 2369 871 2391 carum
897 2358 1043 2402 capitulis
1061 2369 1109 2399 xx',

368 2424 421 2446 xxi
439 2418 468 2448 et
488 2423 552 2447 xxii
577 2413 698 2457 primae
722 2412 941 2454 distinctionis,
961 2423 995 2445 ac
1012 2412 1110 2445 omni-

369 2467 426 2499 lius
452 2467 511 2499 illis
543 2477 621 2510 quae
646 2467 678 2499 in
702 2465 869 2509 praedictis
898 2465 1010 2498 litteris
1035 2476 1110 2509 apo-

409 2539 415 2562 1
436 2537 590 2565 Clausulam
605 2546 663 2565 non
679 2539 756 2572 facta
770 2537 953 2572 expressione
967 2545 1020 2565 non
1034 2536 1111 2565 iutel-

369 2582 421 2617 tigo
437 2581 473 2616 (n.
487 2583 534 2615 τ.).

1133 216 1251 250 stolicis
1276 216 1377 250 dietus
1395 215 1567 259 Gregorius
1584 216 1809 260 praedecessor
1824 226 1875 250 vo-

1133 271 1190 303 luit
1215 275 1244 303 et
1268 280 1324 303 nos
1350 270 1507 303 voluimus
1530 279 1594 303 non
1618 269 1761 312 obstare,
1790 274 1874 303 cete-

1133 323 1239 368 risque
1263 323 1429 357 eontrariis
1453 323 1714 367 quibuscumque.

1178 378 1289 411 Datum
1308 378 1436 417 Romae,
1454 376 1536 420 apud
1553 376 1582 410 S.
1597 377 1736 417 Petrum,
1748 376 1807 409 sub
1825 386 1876 409 an-

1133 432 1209 464 nulo
1236 431 1422 473 piscatoris,
1443 430 1493 463 die
1522 440 1560 463 xv
1581 429 1733 464 februarii
1757 439 1875 472 MDCXL,

1133 484 1335 529 pontificatus
1359 484 1458 517 nostri
1483 493 1565 516 anno
1590 493 1667 517 xvu.

1169 548 1229 574 Dat.
1247 547 1289 574 die
1307 546 1340 574 15
1353 545 1484 573 februarii
1501 546 1580 581 1640,
1601 545 1696 582 pontif.
1714 553 1784 573 auno
1799 551 1865 572 xvn.

1408 688 1609 723 DCLXXXVI.

1135 770 1334 810 Prohibitw,
1362 779 1402 802 ne
1425 769 1462 802 de
1486 773 1586 802 cetero
1610 769 1647 802 in
1670 769 1877 802 monasteriis

1180 822 1379 856 monialium
1431 822 1566 856 Ordinis
1607 822 1878 855 Praedicatorum

1178 876 1366 919 provinciae
1389 875 1616 915 Andalusiae,
1640 880 1668 908 el
1697 885 1808 908 eorum
1832 885 1877 908 ec-

1181 930 1298 970 clesiis,
1327 929 1507 962 comoediae
1530 929 1706 962 recitentur
1717 928 1736 961 ¹.

1344 1009 1480 1036 urbanus
1497 1009 1577 1043 Papa
1596 1008 1674 1040 vlu,

1260 1055 1295 1081 ad
1316 1055 1495 1087 perpetuam
1513 1052 1560 1080 roi
1575 1051 1758 1080 memoriam.

1181 1128 1196 1169 g*
1226 1126 1250 1158 l.
1275 1125 1351 1159 Cum
1376 1124 1560 1158 monialium
1594 1124 1784 1158 monasteria
1808 1125 1879 1159 ideo

1137 1179 1236 1212 muris
1250 1179 1389 1222 undique
1400 1178 1597 1220 claudantur,
1610 1183 1644 1212 ut
1660 1179 1748 1222 ipsae
1764 1190 1782 1212 a
1798 1189 1880 1213 eom-

1138 1232 1224 1265 muui
1242 1232 1407 1266 hominum
1423 1231 1583 1266 consortio
1596 1232 1690 1276 plane
1707 1237 1880 1276 separatae,

1138 1287 1211 1327 Deo,
1229 1286 1280 1319 cui
1305 1296 1392 1319 suam
1419 1285 1631 1329 integritatem
1655 1289 1766 1330 sponte
1790 1286 1882 1319 devo-

1141 1346 1264 1383 verunt,
1283 1340 1414 1373 liberius
1438 1339 1568 1383 servire,
1582 1344 1622 1381 et,
1635 1340 1816 1374 lasciviendi
1833 1350 1882 1374 oc-

1139 1394 1264 1427 casione
1289 1394 1424 1434 sublata,
1442 1393 1545 1427 eidem
1571 1393 1667 1427 eorda
1691 1398 1722 1426 et
1745 1403 1882 1438 corpora

1139 1458 1194 1480 sua
1219 1447 1251 1480 in
1274 1447 1361 1481 omni
1392 1447 1601 1480 sanctimonia
1624 1446 1806 1490 diligentius
1830 1457 1882 1480 eu-

1139 1500 1258 1533 stodire
1284 1501 1422 1540 valeant,
1444 1506 1568 1544 oportet
1585 1500 1719 1544 proinde
1742 1511 1759 1533 a
1776 1510 1882 1533 mona-

1140 1554 1244 1587 steriis
1261 1554 1443 1587 huiusmodi
1461 1559 1490 1587 et
1507 1564 1616 1587 earum
1635 1554 1785 1595 ecelesiis,
1802 1564 1883 1598 quae

1141 1613 1213 1640 sunt
1236 1607 1349 1641 domus
1370 1607 1531 1649 orationis,
1556 1612 1643 1641 actus
1667 1617 1884 1652 quoscumque

1141 1662 1300 1706 profanos,
1317 1666 1346 1694 et
1362 1671 1571 1705 personarum
1597 1661 1787 1694 secularium
1808 1671 1883 1694 con-

1142 1726 1254 1748 cursus
1272 1716 1401 1748 omnino
1421 1715 1533 1757 arceri,
1554 1725 1593 1748 ne
1610 1714 1681 1747 inde
1706 1724 1803 1758 puros
1819 1724 1885 1748 mo—

1142 1768 1273 1801 nialium
1307 1779 1411 1802 mores
1443 1769 1532 1802 facile
1565 1768 1727 1812 corrumpi
1740 1795 1748 1810 ‚
1777 1772 1808 1801 et
1836 1768 1883 1801 di-

1142 1822 1245 1854 vinam
1270 1822 1466 1855 maiestatem
1499 1822 1638 1865 graviter
1666 1821 1784 1856 offendi
1808 1831 1883 1856 con-

1143 1875 1251 1918 tingat.

1187 1930 1202 1972 g
1226 1929 1255 1962 Ξ).
1282 1929 1360 1962 ilinc
1385 1929 1532 1973 estquod
1557 1939 1626 1970 nos,
1648 1928 1884 1973 supplicationi-

1143 1982 1200 2015 bus
1225 1983 1352 2016 nomine
1369 1982 1475 2016 dilecti
1493 1983 1547 2015 filii
1566 1982 1649 2015 Petri
1665 1983 1826 2027 Maurique
1846 1982 1884 2016 de

1142 2036 1348 2080 Sffinopbosa,
1361 2036 1477 2080 prioris
1491 2036 1692 2080 provincialis
1705 2036 1884 2080 provinciae

1143 2089 1330 2123 Andalusiae
1354 2089 1479 2123 Ordinis
1504 2089 1771 2130 Praedicatorum,
1794 2089 1885 2123 nobis

1143 2144 1201 2176 liae
1218 2154 1313 2187 super
1331 2154 1365 2176 re
1382 2143 1545 2176 humiliter
1562 2143 1718 2187 porrectis
1735 2143 1884 2185 inclinati,

1143 2208 1181 2230 ne
1205 2197 1243 2230 de
1268 2202 1373 2230 cetero
1404 2197 1566 2241 perpetuis
1598 2197 1710 2231 futuris
1736 2196 1884 2241 tempori-

1143 2251 1201 2283 bus
1220 2251 1249 2283 in
1266 2250 1429 2294 quibusvis
1453 2250 1638 2283 monialium
1665 2249 1739 2284 dieti
1760 2250 1884 2284 Ordinis

1143 2310 1171 2337 et
1196 2304 1382 2347 praesertim
1407 2303 1513 2337 Matris
1538 2304 1591 2337 Dei
1613 2303 1805 2348 Hispalensis
1822 2314 1885 2337 mo-

1143 2357 1288 2390 nasteriis
1306 2358 1336 2389 iu
1357 2357 1514 2401 praedicta
1542 2357 1704 2401 provincia
1729 2357 1886 2390 existenti-

1144 2411 1211 2452 bus,
1221 2416 1250 2444 et
1268 2421 1378 2444 eorum
1393 2410 1543 2453 eeclesiis,
1553 2410 1780 2454 cuiuscumque
1793 2421 1886 2454 gene-

1144 2465 1187 2498 ris
1201 2464 1382 2498 comoediae
1399 2475 1416 2497 a
1431 2463 1591 2498 comoedis
1609 2469 1639 2497 et
1655 2464 1724 2497 aliis
1739 2464 1883 2508 personis

1145 2518 1339 2552 secularibus
1359 2523 1493 2562 agantur
1513 2523 1543 2552 et
1564 2518 1745 2560 recitentur,
1760 2519 1818 2552 sub
1835 2529 1886 2552 ex-

1182 2583 1192 2608 1
1211 2581 1248 2608 Ex
1263 2580 1371 2616 Regest.
1387 2580 1414 2608 in
1428 2581 1532 2609 Secret.
1548 2581 1628 2608 Brev.

1885 168 1934 196 An.
1953 164 2068 200 &56⁴0

1929 1137 2013 1158 Causae
2042 1137 2075 1159 ‹le-

1895 1164 1957 1186 creti.

1921 1937 2045 1962 Prohibitio,
2054 1937 2078 1959 do

1899 1970 1941 1991 qua
1954 1965 1974 1986 iu
1988 1964 2076 1987 rubrica.
