2107 3142
89 175 136 200 An.
155 175 182 200 C.
208 174 275 201 16²2>

163 769 229 792 Ιιυιωᾳ

239 768 275 788 itio

327 164 386 198 170

290 223 346 262 rie,
365 227 517 266 quantum
544 222 630 255 robis
662 232 716 254 seu
742 221 870 254 cuilibet
895 225 1032 255 vestrum

292 276 437 308 sufficere
463 275 629 316 videbitur,
645 274 682 307 de
707 284 770 307 non
795 279 863 307 tuto
888 284 1032 316 accessu,

290 329 413 372 illisque
446 328 536 362 toties
568 327 690 371 quoties
723 338 804 372 opus
833 328 928 361 fuerit
952 327 1032 360 inbi-

289 382 392 423 bendi,
407 382 501 414 etiam
519 381 576 413 sub
595 381 739 414 censuris
757 388 785 414 et
803 382 922 426 poenis,
940 382 1032 414 etiam

288 434 498 478 pecuniariis,
521 445 578 477 per
602 434 775 478 quemlibet
811 439 948 469 vestrum
986 435 1032 467 vel

291 491 409 520 vestros
434 487 600 530 deputatos
618 493 721 520 vestro
750 489 797 521 vel
819 499 929 522 eorum
955 488 1034 521 arbi-

291 541 350 574 trio
377 540 566 583 infligendis,
585 541 777 585 applicandis
810 547 839 574 et
870 541 1034 574 moderan-

291 595 348 635 dis,
367 605 401 627 ac
419 605 635 638 quaecumque
652 595 711 628 alia
729 595 966 639 quomodolibet
983 605 1035 627 ne-

291 648 427 681 cessaria
441 654 467 682 et
484 654 663 693 opportuna
679 649 819 692 gerendi,
833 648 1033 689 decernendi,

291 702 459 735 mandandi
486 707 512 735 et
539 702 723 746 exequendi.

335 757 349 799 ξ
373 756 402 789 3.
435 757 504 789 Non
529 755 725 789 obstantibus
758 756 855 789 felicis
880 755 1031 789 recorda-

211 803 251 816 ¹'''''
292 810 385 843 tionis
408 810 558 842 Bonisacii
586 810 686 853 Papae
714 809 779 842 vul
811 810 1034 853 praedecesso-

292 864 334 895 ris
356 863 453 896 nostri
474 863 511 895 de
536 864 608 904 una,
627 868 656 896 et
680 863 803 896 concilii
825 863 981 906 generalis
997 863 1034 895 de

291 918 413 950 duabus
438 916 539 957 dietis,
564 917 695 960 aliisque
719 917 918 960 apostolicis,
944 928 979 950 ac
1004 917 1034 949 in

291 971 432 1004 conciliis
462 970 693 1003 universalibus
723 970 1034 1014 provincialibusque

291 1032 320 1057 vt
346 1024 547 1069 synodalibus
565 1024 667 1064 editis,
682 1024 884 1067 generalibus
902 1025 949 1057 vel
971 1034 1035 1068 spe-

292 1079 433 1121 cialibus,
448 1078 723 1112 constitutionibus
734 1082 763 1111 et
773 1077 1034 1119 ordinationibus,

291 1142 413 1165 necnon
449 1131 606 1164 dictorum
643 1141 835 1174 regnorum,
861 1142 895 1164 ac
929 1132 1034 1164 eccle-

292 1186 429 1225 siarum,
455 1185 736 1227 monasteriorum,
770 1185 934 1225 ordinum,
960 1195 1034 1217 eon-

292 1240 514 1282 gregationum
531 1267 537 1281 ,
559 1239 774 1272 institutorum
800 1244 830 1271 et
850 1239 1034 1271 militiarum

292 1292 531 1336 quorumlibet,
565 1302 600 1324 ac
632 1292 816 1335 quarumris
852 1292 1034 1332 civitatum,

293 1353 449 1378 terrarum
476 1351 505 1378 et
529 1346 694 1385 locorum,
720 1346 813 1378 etiam
839 1346 1034 1386 iuramento,

292 1399 531 1432 confirmatione
557 1399 739 1443 apostolica,
769 1399 815 1432 vel
847 1399 956 1443 quavis
981 1398 1034 1431 sir-

291 1453 399 1485 mitate
424 1453 484 1485 alia
510 1452 678 1493 roboratis,
704 1453 825 1487 statutis
849 1458 878 1486 et
903 1463 1034 1486 consue-

293 1506 463 1548 tudinibus,
494 1506 723 1546 stabilimentis,
748 1506 883 1549 legibus,
908 1507 1034 1549 usibus,

290 1560 422 1600 naturis,
440 1571 475 1593 ac
489 1560 753 1602 ordinationibus,
774 1560 949 1604 privilegiis
962 1572 1036 1604 quo-

291 1625 362 1659 que,
393 1614 519 1647 indultis
544 1619 574 1646 et
597 1613 709 1648 litteris
734 1614 927 1658 apostolicis,
944 1615 1035 1649 dictis

291 1667 418 1710 regnis,
443 1667 636 1711 illorumque
661 1667 772 1701 incolis
787 1695 794 1708 ,
819 1672 849 1702 et
872 1668 1035 1712 quibusvis

291 1721 360 1753 aliis
385 1721 518 1754 nunciis¹
535 1727 564 1754 et.
580 1721 735 1764 personis,
754 1727 814 1754 tam
841 1722 1032 1755 coniunctim

291 1786 383 1818 quam
409 1775 543 1815 divisim,
564 1775 622 1807 sub
647 1775 899 1819 quibuscumque
920 1777 1035 1810 tenori-

292 1829 350 1861 bus
376 1834 406 1860 et
431 1828 562 1869 formis,
588 1838 623 1860 ac
648 1839 719 1861 eum
752 1829 915 1871 quibusvis
939 1829 1033 1862 etiam

291 1881 562 1924 derogatoriarum
589 1881 808 1924 derogatoriis‚
826 1882 956 1926 aliisque
973 1883 1035 1916 efli—

291 1934 480 1975 ‹·;1ci01·ibus,
498 1934 723 1967 efficacissimis
740 1941 769 1967 et
790 1935 923 1969 insolitis
951 1936 1034 1969 elau-

292 1989 376 2030 sulis,
406 1988 665 2032 irritantilmsque
690 1994 720 2021 et
744 1988 812 2022 aliis
837 1989 981 2033 decretis,
1003 1991 1033 2023 in

291 2042 395 2086 speeie
421 2043 468 2075 rel
486 2042 517 2075 in
537 2052 663 2085 genere,
682 2043 775 2075 etiam
794 2048 890 2084 motu,
905 2044 1033 2078 scientia

291 2103 316 2129 et
346 2096 508 2140 potestatis
533 2096 727 2140 plenitudine
754 2097 918 2139 similibus,
940 2099 1032 2132 etiam

291 2150 563 2191 concistorialiter,
581 2161 616 2183 ae
641 2150 716 2183 alias
741 2152 979 2194 quomodolibet
1003 2153 1033 2185 in

292 2205 487 2238 contrarium
518 2204 776 2248 praemissorum,
797 2205 890 2238 etiam
916 2207 1033 2249 pluries

291 2266 318 2291 et
346 2258 464 2291 iteratis
489 2258 619 2298 vicibus,
645 2258 810 2299 concessis,
839 2259 1033 2292 confirmatis

292 2319 319 2344 ct
346 2311 499 2345 innovatis
514 2323 520 2351 ;
538 2311 653 2356 quibus
678 2311 824 2344 omnibus
845 2317 874 2344 et
891 2313 1032 2356 singulis,

292 2366 411 2398 etiamsi
430 2376 488 2409 pro
513 2365 678 2398 sufficienti
697 2375 807 2398 eorum
829 2366 1032 2409 derogatione

292 2420 328 2451 «le
346 2419 405 2451 illis
419 2429 593 2462 eorumque
608 2418 679 2452 totis
695 2419 855 2451 tenoribus
876 2419 1031 2463 specialis,

293 2473 448 2516 specifica,
465 2472 622 2505 individua
637 2478 665 2505 et
680 2482 837 2516 expressa,
851 2482 913 2505 non
927 2478 1031 2505 autem

291 2536 347 2569 per
365 2526 519 2558 clausulas
534 2526 696 2569 generales
713 2526 795 2559 idem
817 2526 1030 2569 importantes,

330 2590 336 2615 t
362 2589 431 2615 Puto
453 2590 519 2617 locis
539 2589 683 2625 legendum
695 2597 754 2618 esse
766 2597 813 2625 pro
825 2590 941 2619 nunciis
951 2590 1029 2626 (uxr).

880 170 1059 196 BULLARIUM
1084 170 1238 196 ROMANUM

1067 220 1185 254 mentio
1221 229 1275 253 scu
1306 222 1432 264 quaevis
1465 221 1524 254 alia
1557 222 1717 266 expressio
1752 222 1807 255 ha-

1067 274 1168 307 benda
1196 278 1250 306 aut
1275 273 1378 318 aliqua
1402 275 1462 307 alia
1482 275 1634 319 exquisita
1650 275 1750 309 forma
1770 276 1807 308 ad

1067 328 1127 361 hoc
1151 327 1302 361 servanda
1327 328 1425 370 foret,
1451 333 1576 362 tenores
1605 329 1806 372 huiusmodi,

1067 392 1102 414 ac
1127 381 1151 413 si
1176 381 1215 414 de
1239 381 1337 413 verbo
1361 381 1399 413 ad
1426 381 1566 414 verbum
1581 382 1807 423 insererentur,

1066 434 1284 478 praesentibus
1308 444 1366 477 pro
1392 435 1549 478 expressis
1574 440 1603 467 et
1627 434 1762 477 insertis,
1779 440 1807 468 et

1067 487 1219 520 sormam¹
1233 487 1415 521 huiusmodi
1428 497 1488 531 pro
1502 489 1623 520 servata
1647 487 1809 529 babentes,

1068 541 1128 574 illis
1153 542 1229 574 alias
1254 541 1284 574 in
1309 552 1366 575 suo
1390 541 1507 575 robore
1524 541 1752 585 permansuris,
1770 542 1808 575 ad

1068 595 1316 638 praemissorum
1334 595 1479 629 effectum
1505 594 1682 638 specialiter
1707 600 1737 627 et
1761 605 1810 628 ex-

1068 658 1175 691 presse
1207 648 1416 691 derogamns3
1444 647 1619 691 ceterisque
1644 648 1810 681 contrariis

1068 701 1337 745 quibuscumque3
1362 706 1415 734 aut
1439 701 1464 734 si
1490 701 1606 734 eisdem
1632 701 1753 744 regnis,
1777 702 1810 734 il-

1068 754 1235 797 lorumque
1260 754 1380 795 incolis,
1401 759 1431 787 et
1454 754 1616 798 quibusvis
1640 754 1709 787 aliis
1732 754 1810 788 locis

1069 812 1098 840 et
1122 808 1267 851 personis
1298 808 1508 842 communiter
1532 809 1579 841 vel
1615 808 1739 841 divisim
1771 809 1809 842 ab

1069 859 1178 893 eadem
1197 860 1235 894 sit
1252 860 1330 894 Sede
1356 861 1520 902 indultum,
1539 861 1623 905 quod
1644 861 1683 894 ad
1700 872 1810 906 paren-

1069 913 1144 946 dum
1171 913 1264 946 alicui
1297 914 1366 957 cogi
1399 920 1429 947 et
1459 915 1624 958 compelli,
1649 920 1702 948 aut
1725 916 1810 958 quod

1069 966 1169 1009 citari,
1187 977 1241 999 seu
1260 967 1290 999 in
1308 967 1457 1000 iudicium
1476 978 1582 1001 coram
1601 968 1756 1002 iudicibus
1772 969 1810 1002 de

1069 1031 1180 1053 eorum
1206 1030 1360 1053 consensu
1385 1031 1447 1054 non
1471 1021 1628 1064 deputatis
1648 1022 1696 1054 vel
1724 1026 1810 1055 extra

1069 1084 1166 1117 regna
1190 1074 1371 1107 huiusmodi
1397 1079 1426 1107 et
1450 1075 1520 1108 loca
1547 1084 1621 1107 suae
1645 1075 1811 1109 hahitatio-

1069 1127 1116 1160 nis
1141 1128 1277 1167 avocari,
1297 1128 1344 1159 vel
1370 1128 1453 1171 quod
1478 1127 1633 1170 interdici,
1651 1127 1810 1172 suspendi,

1070 1182 1115 1213 vel
1142 1181 1411 1214 excommunicari
1439 1191 1502 1214 non
1526 1182 1647 1225 possint
1670 1192 1728 1226 per
1757 1182 1809 1215 lit-

1070 1240 1152 1268 teras
1169 1235 1357 1278 apostolicas
1378 1245 1441 1267 non
1466 1235 1612 1269 facientes
1637 1235 1763 1279 plenam
1781 1241 1811 1269 et

1069 1299 1248 1332 expressam
1281 1300 1316 1322 ac
1347 1289 1385 1322 de
1416 1290 1512 1323 verbo
1545 1289 1582 1322 ad
1608 1289 1738 1323 verbum
1772 1290 1811 1323 de

1069 1342 1190 1375 indulto
1204 1342 1384 1375 huiusmodi
1403 1342 1606 1383 mentionenu
1628 1348 1657 1376 et
1669 1343 1811 1387 qualibet

1068 1396 1128 1428 alia
1152 1395 1292 1428 eiusdem
1321 1395 1408 1429 Sedis
1444 1396 1639 1439 indulgentia
1670 1397 1810 1439 generali

1070 1450 1116 1482 vel
1141 1449 1281 1493 speciali,
1306 1460 1362 1493 per
1387 1460 1481 1493 quam
1505 1450 1724 1494 praesentibus
1747 1461 1811 1484 non

1069 1512 1250 1546 expressam
1265 1503 1313 1535 vel
1329 1503 1467 1536 totaliter
1480 1513 1543 1536 non
1560 1503 1710 1536 insertam
1719 1503 1730 1520 '²
1742 1504 1811 1537 effe-

1069 1561 1137 1589 ctus
1150 1566 1258 1589 earum
1284 1556 1430 1600 impediri
1456 1557 1556 1590 valeat
1573 1557 1811 1600 quomodolibet

1069 1609 1116 1642 vel
1134 1609 1266 1651 differri,
1291 1615 1321 1642 et
1339 1610 1377 1643 de
1393 1621 1454 1653 qua
1472 1610 1601 1654 eiusque
1621 1615 1686 1644 toto
1702 1615 1812 1644 tenore

1069 1663 1213 1696 habenda
1233 1663 1272 1698 sit
1289 1664 1319 1696 in
1335 1664 1451 1697 nostris
1467 1664 1580 1697 litteris
1602 1664 1719 1698 mentio
1740 1675 1811 1709 spc-

1068 1717 1165 1751 cialis.

1112 1771 1223 1804 Datum
1258 1772 1395 1811 Romae,
1421 1772 1504 1815 apud
1531 1772 1559 1805 S.
1589 1772 1725 1813 Petrum,
1754 1772 1811 1805 sub

1068 1825 1184 1857 annulo
1225 1825 1414 1865 Piscatoris,
1443 1825 1493 1858 die
1529 1836 1627 1859 xxvm
1661 1826 1811 1859 februarii

1070 1888 1209 1919 uncxmi,
1227 1878 1429 1922 pontificatus
1450 1879 1548 1912 nostri
1565 1889 1647 1911 anno
1660 1889 1721 1912 xix.

1104 1942 1160 1968 Dat.
1179 1941 1222 1968 die
1238 1942 1271 1969 28
1292 1941 1421 1968 februarii
1440 1941 1515 1976 1642,
1537 1942 1631 1977 pontif.
1651 1950 1721 1970 anno
1737 1948 1790 1969 xtx.

1322 2085 1549 2119 DCCXXXVIII.

1091 2166 1285 2200 Constantio
1310 2167 1395 2199 circa
1419 2167 1559 2209 sormam
1585 2172 1612 2199 et
1639 2168 1788 2201 habitum

1232 2230 1400 2254 sacrarum
1429 2220 1644 2263 hilduinum&

1104 2326 1111 2351 1
1133 2326 1202 2352 Male
1218 2325 1282 2352 edit.
1300 2326 1380 2353 Main.
1399 2326 1463 2362 legit
1476 2328 1572 2361 forma
1587 2328 1627 2362 (n.
1644 2329 1691 2362 T.).

1101 2370 1116 2396 ἓ
1127 2371 1196 2397 Male
1206 2370 1269 2396 edit.
1281 2370 1359 2397 Main.
1369 2371 1433 2406 legit
1442 2378 1607 2406 impressa„
1618 2372 1725 2400 inserta
1735 2373 1763 2407 (n
1773 2374 1807 2406 Τ)-

1101 2413 1116 2439 3
1133 2412 1167 2439 Ile
1190 2413 1361 2441 veneratione
1381 2417 1534 2441 sanctarum
1555 2414 1701 2449 imaginum
1722 2415 1808 2442 habes

1065 2457 1186 2492 Gregorii
1199 2457 1256 2484 XIII
1269 2458 1662 2492 Constit.L1Sanctissimum‚
1675 2462 1806 2491 tom.vm,

1065 2510 1125 2536 pag.
1145 2501 1204 2536 133,
1220 2504 1232 2536 5
1251 2502 1292 2529 15.
1309 2503 1385 2530 Circa
1404 2504 1518 2530 sormam
1538 2507 1627 2530 autem
1643 2507 1670 2530 et
1685 2504 1806 2531 habitum

1063 2554 1199 2573 sacrarum
1215 2546 1360 2582 imaginum
1382 2548 1440 2583 lege
1460 2551 1647 2576 sacrosanctae
1667 2548 1804 2576 Tridenti-

1063 2598 1112 2619 nae
1128 2590 1227 2627 Synodi
1242 2590 1390 2620 decretum.

1824 173 1873 201 An⁴
1893 174 1920 202 C.
1938 175 2006 204 1642
