2107 3142
121 201 174 228 Aa.
191 201 220 228 c.
243 199 312 227 1643
357 189 422 223 ⁶270

324 247 471 279 eumdem
504 247 705 279 Franciscum
742 246 773 278 in
805 246 939 289 collegio
968 247 1068 280 dictae

326 300 490 334 Societatis
522 300 661 332 eiusdem
698 300 831 333 civitatis
864 300 1069 333 restituerunt

327 358 357 387 et
381 358 610 397 reposuerunt,
637 353 666 384 in
696 363 758 396 quo
787 360 967 386 carceratus
991 353 1067 386 (leti-

326 412 430 445 netur,
456 416 523 445 nee,
544 406 602 437 nisi
629 417 699 438 eum
727 406 828 440 tribus
847 407 992 450 personis
1009 408 1067 439 sibi

325 459 501 501 assignatis,
520 469 577 491 nee
593 459 685 491 etiam
704 470 775 491 cum
797 461 929 503 proprio
947 466 1069 493 rectore

326 512 442 555 alloqui
459 516 569 555 potest,
585 523 720 555 eumque
738 513 856 556 pluries
876 514 913 545 ad
932 514 1068 546 tribunal

324 565 398 597 dicti
425 565 636 608 inquisitionis
662 566 841 598 huiusmodi
856 567 949 599 officii
968 577 1070 599 accer-

324 624 454 664 serunt,
488 619 597 661 ireque
629 619 770 651 fecerunt.
800 619 838 651 ad
871 620 1068 652 subeundum

327 682 480 712 examen,
512 682 574 704 non
611 672 677 704 sine
703 673 837 704 maxima
862 674 1068 713 contumelia,

327 725 459 768 perinde
485 736 519 757 ae
545 726 569 757 si
595 736 668 757 reus
693 736 805 758 causac
830 726 901 758 fidei
927 728 1016 759 soret.

369 778 415 810 Ad
430 778 506 809 haec
520 778 648 821 praefati
664 778 865 821 inquisitores
878 779 1069 820 huiusmodi,

326 836 359 863 ut
379 832 534 874 populum
554 836 718 872 terrerent,
740 832 792 875 qui
811 832 949 865 offensus
966 843 1002 865 ex
1023 844 1070 865 ea-

324 886 418 926 ptura
445 890 475 916 et
499 885 595 926 gestis
612 891 721 926 eontra
738 885 883 917 eumdem
906 886 1068 918 Roeclium

326 937 402 980 ipsis
416 937 657 981 inquisitoizibus
675 938 916 981 obloquebatur,
928 939 957 970 in
968 939 1069 971 dictae

324 990 458 1024 civitatis
468 991 609 1023 ecclesiis
617 992 812 1034 promulgari
826 993 1069 1036 feceruntquod-

326 1044 398 1077 dam
425 1044 574 1084 edietum,
598 1055 661 1088 quo
682 1056 854 1085 sermones,
871 1046 924 1089 qui
950 1046 987 1078 de
1011 1047 1069 1079 liae

324 1098 457 1130 materia
481 1098 608 1136 fiebant,
634 1109 725 1130 casus
753 1099 833 1131 sacri
859 1099 1068 1142 inquisitionis

326 1151 507 1183 huiusmodi
526 1152 619 1184 officii
631 1152 649 1191 ¹,
667 1158 696 1184 et
713 1152 887 1195 quemlibet
903 1153 1003 1185 teneri
1022 1164 1069 1186 vo-

326 1206 454 1237 luerunt
466 1205 525 1237 sub
542 1195 642 1248 poena
656 1207 991 1239 excommunicationis
1008 1207 1067 1239 sibi

328 1258 406 1301 ipsis
427 1264 603 1290 reservatae
624 1258 814 1290 denunciare
836 1259 894 1291 bac
914 1260 952 1291 de
972 1271 1005 1292 re
1027 1260 1069 1292 lo-

325 1316 477 1354 quentes,
503 1317 532 1343 et
557 1312 719 1354 quibusvis
743 1312 873 1344 notariis
902 1319 931 1344 et
955 1313 1068 1345 officia-

325 1363 408 1397 libus
433 1365 567 1407 publicis
591 1365 840 1407 prohibuerunt,
866 1375 905 1397 ne
930 1365 1068 1410 desuper

322 1419 386 1450 ulla
411 1425 479 1450 acta
503 1424 533 1451 et
558 1418 767 1451 instrumenta
792 1418 984 1453 conticerent
1012 1430 1066 1452 seu

325 1472 436 1504 confici
462 1472 609 1504 facerent.

367 1525 453 1557 Licet
466 1531 581 1565 autem,
592 1525 773 1568 praemissis
785 1535 847 1557 non
859 1525 1066 1563 obstantibus,

324 1588 383 1621 pro
408 1584 497 1621 parte
519 1578 590 1611 dicti
611 1578 768 1610 Francisci
790 1584 987 1621 praesentata
1005 1579 1067 1611 sue-

321 1631 361 1663 rit
380 1631 547 1674 appellatio
561 1642 577 1662 a
592 1631 774 1673 praemissis
788 1631 902 1664 dilecto
920 1631 985 1663 tilio
1002 1642 1067 1663 mo-

323 1684 422 1717 derno
448 1685 563 1716 iurium
590 1688 619 1717 et
643 1684 817 1726 spoliorum
844 1694 989 1717 camerae
1011 1695 1065 1716 no-

320 1743 404 1769 strae
423 1738 613 1780 apostolicae
634 1737 664 1768 in
684 1737 893 1779 Pol-tugalliae
911 1743 938 1769 et
958 1738 1067 1779 Algar-

319 1791 447 1823 biorum
474 1791 580 1833 regnis
611 1791 790 1823 debitorum
820 1791 1065 1831 vice‹·ollectori⁷

318 1855 414 1887 quam
449 1844 500 1876 ille
526 1845 718 1886 acceptavit,
744 1844 966 1884 nibilominus,
992 1856 1063 1876 cum

320 1898 453 1941 praefati
479 1898 681 1940 inquisitores
706 1897 886 1930 liuitismodi
912 1898 1063 1940 procede-

318 1956 389 1983 rent
421 1951 452 1982 in
482 1953 576 1983 causa
608 1950 813 1990 huiusmodi,
846 1956 1064 1993 tentarentque

318 2004 438 2036 carceri
457 2003 640 2046 mancipare
656 2003 803 2035 dilectum
824 2003 923 2035 tilium
942 2004 1065 2036 moder-

322 2067 397 2089 num
425 2056 524 2088 dietae
548 2056 759 2087 universitatis
779 2062 952 2096 rectorem,
969 2057 1061 2089 alios-

321 2121 383 2153 que
401 2116 488 2142 actus
505 2110 743 2153 praeiudiciales
761 2110 881 2149 faeere,
899 2121 958 2153 pro
975 2116 1064 2153 parte

320 2168 351 2195 et
371 2163 499 2195 nomine
517 2163 702 2195 eorumdem
723 2163 879 2194 Francisei
900 2169 929 2195 et
946 2163 1062 2195 Rocelii

318 2227 442 2249 necnon
460 2216 562 2248 dictae
580 2216 792 2248 universitatis
817 2216 996 2248 huiusmodi
1019 2228 1064 2249 re·

319 2270 415 2302 ctoris
437 2275 467 2301 et
491 2269 624 2301 aliorum
646 2269 797 2301 interesse
815 2270 996 2301 habentium
1018 2281 1063 2302 re-

319 2335 431 2356 cursus
462 2323 500 2355 ad
531 2334 587 2355 nos
624 2323 749 2355 babitus
778 2333 922 2366 novaque
954 2334 1061 2356 coram

317 2378 409 2410 nobis
433 2377 611 2421 appellatio,
631 2387 725 2419 quam
750 2377 944 2419 admisimus,
970 2377 1063 2410 inter-

320 2431 422 2473 posita
447 2430 622 2474 respective
646 2428 806 2462 saei-unffi:

356 2512 368 2536 1
387 2510 488 2537 Forsan
505 2510 582 2537 deest
596 2518 653 2536 esse
668 2509 856 2537 declararunt
868 2510 907 2544 (R.
923 2512 972 2543 Τ,).

354 2554 371 2580 2
386 2556 507 2581 Pessime
522 2555 587 2582 edit.
603 2555 683 2582 lllain.
700 2555 765 2590 legit
777 2556 908 2589 fecerunt
927 2563 977 2590 pro
997 2556 1061 2589 sue-

318 2603 389 2627 runt
404 2601 441 2634 (a.
458 2601 503 2634 π).

905 200 1000 222 BULLA
1007 200 1081 223 nltttt
1109 200 1263 224 ROMANUM
1299 198 1302 199 ⁷

1155 247 1171 290 g
1202 247 1231 280 ⁶2.
1266 248 1369 287 Quare
1399 249 1492 282 nobis
1524 250 1618 283 iidem
1650 255 1842 294 exponentes

1103 300 1266 334 humiliter
1286 302 1460 345 supplicari
1480 304 1634 345 fecerunt,
1655 309 1689 336 ut
1709 304 1738 335 in
1756 314 1846 347 prae-

1103 353 1206 386 missis
1231 360 1422 397 opportune,
1442 360 1477 387 ut
1500 356 1591 396 infra,
1615 357 1782 400 providere
1807 357 1846 389 de

1105 406 1296 449 benignitate
1321 408 1495 450 apostoliea
1518 409 1734 451 dignaremur.

1154 460 1168 502 ᾖ
1199 459 1228 492 3.
1262 460 1324 492 Nos
1356 460 1472 502 igitur,
1498 462 1626 494 eosdem
1652 468 1845 506 exponentes

1103 514 1293 557 specialilius
1317 515 1480 548 favoribus
1505 521 1535 548 ct
1561 516 1669 559 gratiis
1694 528 1844 561 prosequi

1105 567 1253 607 volentes,
1271 572 1301 599 et
1321 578 1431 600 corum
1458 568 1634 611 singulares
1657 580 1810 613 personas
1827 582 1845 603 a

1104 620 1267 662 quibusvis
1292 621 1639 662 excommunicationis,
1664 624 1846 666 suspensio-

1859 203 1908 229 An.
1930 204 1959 230 G.
1979 204 2045 233 ¹643

1873 290 1877 294 .
1887 264 1964 295 Preces
1976 267 2044 295 rectu-

1861 297 1889 311 ris
1895 292 2045 313 univcrsitatis.

1886 475 2010 496 Mandatum
2019 475 2048 497 do

1103 673 1151 704 nis
1163 678 1193 705 et
1211 673 1379 715 interdicti,
1397 675 1529 718 aliisque
1546 676 1765 709 ecclesiasticis
1782 687 1849 710 sen·
1885 686 1888 687 ’

1104 726 1209 759 tentiis
1235 728 1379 760 censuris
1401 733 1431 760 et
1455 729 1576 772 poenis,
1601 740 1618 761 a
1643 729 1712 762 iure
1736 730 1784 762 vel
1809 730 1848 762 ab

1104 779 1242 819 homine,
1260 780 1370 823 quavis
1390 781 1556 814 occasione
1574 782 1622 814 vel
1647 784 1741 815 causa
1766 783 1847 824 latis,

1103 832 1127 864 si
1154 833 1270 876 quibus
1302 834 1540 876 quomodolibet
1571 835 1736 869 innodatae
1766 836 1847 869 exis-

1103 890 1182 925 tunt,
1207 887 1246 919 ad
1272 887 1418 920 effectum
1446 889 1660 932 praesentium
1688 889 1849 923 dumtaxat

1103 940 1360 983 consequendum
1397 941 1510 974 harum
1541 942 1621 974 serie
1649 942 1847 975 absolventes

1104 998 1134 1025 ct
1157 993 1319 1026 absolutas
1351 995 1419 1027 sore
1450 1000 1635 1035 censentes,
1662 995 1846 1028 huiusmodi

1104 1047 1391 1089 supplicationibus
1418 1048 1576 1088 inclinati,
1598 1048 1652 1081 tibi
1677 1059 1735 1092 per
1758 1059 1847 1093 prae-

1103 1105 1206 1132 sentes
1230 1101 1458 1134 committimus
1475 1107 1506 1134 et
1525 1102 1721 1144 mandamus,
1741 1107 1774 1135 ut
1791 1103 1847 1135 eis-

1102 1154 1173 1185 dem
1200 1154 1378 1187 baereticae
1409 1155 1572 1198 pravitatis
1603 1155 1843 1198 inquisitoribus

1102 1207 1203 1239 dietae
1221 1207 1354 1240 civitatis
1371 1208 1554 1241 Elborensis
1579 1209 1765 1242 auctoritate
1789 1220 1846 1243 no-

1102 1262 1167 1292 stra
1205 1261 1405 1304 praecipias,
1436 1272 1476 1294 ne
1512 1262 1648 1305 amplius
1683 1262 1716 1294 in
1751 1265 1844 1296 causa

1102 1313 1283 1346 huiusmodi
1298 1314 1482 1357 procedant,
1495 1326 1531 1348 ac
1545 1320 1579 1347 ut
1591 1316 1737 1348 eumdem
1751 1316 1846 1349 Fran-

1102 1366 1220 1398 ciscum
1246 1377 1263 1398 e
1288 1378 1416 1401 carcere
1433 1368 1579 1407 liberent,
1594 1379 1717 1401 necnon
1737 1369 1843 1402 onmia

1101 1424 1132 1451 et
1156 1419 1279 1461 singula
1304 1426 1373 1452 acta
1392 1431 1450 1464 per
1475 1432 1529 1454 eos
1547 1421 1577 1453 in
1598 1422 1780 1464 praemissis
1804 1422 1845 1455 fa-

1101 1477 1150 1503 cta
1174 1472 1365 1515 illorumque
1390 1484 1577 1516 processum
1601 1465 1647 1506 ad*
1664 1484 1722 1507 nos
1745 1480 1846 1507 trans-

1102 1525 1234 1564 mittant,
1252 1536 1310 1558 nec
1327 1527 1500 1570 quidquam
1526 1533 1637 1561 contra
1661 1539 1844 1571 quamcum-

1100 1589 1161 1621 que
1186 1590 1355 1621 personam
1381 1581 1566 1613 eorumdem
1595 1581 1845 1624 praemissorum

1100 1633 1266 1665 occasione
1295 1633 1471 1675 innovent¹,
1498 1635 1745 1678 praemissisque
1776 1645 1846 1668 om-

1100 1685 1192 1718 nibus
1213 1691 1242 1718 et
1267 1686 1409 1729 singulis,
1430 1687 1488 1719 sub
1514 1688 1738 1730 indignationis
1762 1688 1844 1720 aliis-

1099 1749 1160 1782 quc
1173 1738 1297 1771 arbitrii
1311 1739 1410 1772 nostri
1426 1740 1537 1783 poenis
1553 1747 1701 1785 prompte
1713 1747 1844 1785 pareant

1100 1798 1130 1824 et
1146 1792 1304 1824 obediant.

1144 1846 1158 1888 ἓ
1182 1845 1212 1877 4.
1238 1846 1306 1878 Νοῐ]
1337 1845 1536 1879 obstantibus
1567 1847 1844 1881 constitutionibus

1100 1903 1130 1931 et
1161 1898 1414 1931 ordinationibus
1445 1899 1648 1941 apostolicis,
1676 1910 1712 1933 ac
1746 1901 1843 1944 ipsius

1099 1951 1193 1984 officii
1218 1951 1430 1994 inquisitionis
1454 1952 1648 1992 huiusmodi,
1673 1953 1767 1986 etiam
1792 1954 1841 1987 iu-

1100 2010 1261 2045 ramento,
1299 2004 1540 2037 confirmatione
1572 2006 1768 2048 apostolica,
1793 2008 1841 2040 vel

1099 2058 1208 2100 quavis
1232 2058 1380 2090 firmitate
1397 2058 1457 2090 alia
1476 2058 1644 2099 roboratis,
1670 2059 1793 2092 statutis
1810 2066 1841 2092 et

1098 2111 1391 2152 consuetudinibus,
1406 2111 1498 2145 etiam
1522 2112 1840 2153 innnemorabilibus,

1099 2164 1271 2207 privilegiis
1288 2175 1425 2207 quoque,
1446 2165 1575 2197 indultis
1593 2171 1623 2198 et
1642 2165 1753 2200 litteris
1770 2177 1843 2210 apo-

1098 2217 1216 2250 stolicis
1246 2217 1322 2260 ipsis
1351 2217 1592 2260 inquisitoribus
1624 2224 1655 2251 et
1679 2219 1842 2261 quibusvis

1098 2271 1224 2303 illorum
1250 2271 1394 2314 personis
1417 2271 1449 2303 in
1473 2282 1589 2314 genere
1607 2272 1655 2304 vel
1680 2272 1711 2304 in
1731 2272 1836 2316 specie

1096 2334 1132 2356 ac
1156 2324 1231 2355 alias
1249 2324 1278 2355 in
1292 2323 1486 2356 eontrarium
1501 2324 1750 2367 praemissorum
1764 2335 1842 2367 quo-

1097 2376 1270 2409 modolibet
1293 2377 1462 2417 concessis,
1487 2377 1693 2418 confirmatis,
1719 2388 1838 2421 appro-

1096 2430 1176 2462 batis
1207 2435 1237 2462 et
1273 2430 1596 2473 innovatis;‚q11ibus
1629 2431 1776 2463 omnibus
1811 2437 1841 2464 et

1095 2483 1238 2525 singulis,
1259 2483 1386 2516 illorum
1401 2488 1527 2516 tenores
1547 2484 1768 2527 praesentibus
1780 2494 1839 2528 pro

1131 2556 1141 2580 1
1168 2554 1292 2590 Improbe
1318 2554 1381 2582 edit.
1408 2554 1491 2582 Main.
1516 2554 1598 2582 hahet
1623 2555 1770 2584 innoverie
1788 2563 1837 2591 pro

1094 2600 1229 2628 innovent
1243 2602 1281 2634 (n.
1300 2600 1349 2633 τ.).

1906 1854 2048 1876 Οὺείειιῐὼιη

1859 1880 1954 1907 derogat.

2082 461 2090 480 -,·
2076 382 2097 450 era—9!
2079 353 2092 376 :-
2085 339 2090 347 e

1837 518 1842 523 .
1860 507 1903 529 quo
1917 502 1938 523 in
1953 502 2046 524 rubrica.
2087 514 2089 517 ·
