2107 3142
114 187 163 215 An.
186 187 214 215 C.
237 186 305 215 1630
356 177 393 212 18
899 187 1077 212 EULLARIUM
1103 188 1256 212 nomitatim
1847 189 1900 217 An.
1915 189 1945 218 G.
1966 188 2033 218 1639

140 251 218 273 Nm„
243 258 300 273 com.
360 237 375 280 ξ
399 235 428 269 ΕΞ.
455 236 528 276 Nos,
554 236 591 268 de
615 234 799 279 praemissis
822 235 990 278 diligenter
1015 237 1061 270 in·
1095 248 1229 281 quarum
1256 242 1382 271 tenores
1406 236 1625 282 praesentibus
1656 247 1715 282 pro
1745 237 1839 282 plene

113 284 300 330 ξέᾚῧὶῗΠὲἶγῑιῖᾏῗῖἑ
314 290 408 334 quiri,
434 295 464 322 et
489 289 738 322 iurisdictionem
760 299 796 321 ac
812 288 989 322 libertatem
1015 301 1062 323 ec·
1096 296 1125 323 et
1150 291 1342 324 sufficienter
1370 291 1524 334 expressis
1557 301 1593 323 ac
1617 290 1655 324 de
1678 290 1775 325 verbo
1799 291 1838 324 ad

115 330 201 352 castelli
216 333 300 359 iampri-

115 358 162 379 <iffi
176 359 245 380 dms.
315 343 523 376 clesiasticam
538 342 688 376 adversus
702 353 920 386 quoscumque
934 343 1062 377 violato·
1097 345 1229 378 verbum
1249 345 1374 379 insertis
1399 345 1508 378 haberi
1532 345 1688 387 volumus,
1709 345 1838 379 uberius

314 408 365 430 res
379 407 522 430 asserere
542 397 690 437 volentes,
704 396 916 429 venerabilem
932 397 1060 430 fratrem

315 450 479 494 Caesarem
505 451 691 493 episcopum
716 449 854 482 Civitatis
878 449 1000 483 Castelli
1031 450 1062 482 in

316 510 460 538 nostrum
490 508 520 537 et
544 504 743 548 Apostolicae
768 503 856 537 Sedis
881 504 1062 537 commissa-

315 558 398 590 rium
424 557 462 590 ad
494 556 719 600 inquirendum
753 567 848 600 super
880 557 1062 600 praemissis

316 616 347 644 et
370 611 439 644 aliis
464 611 496 644 in
520 611 761 653 derogationem
786 610 1013 644 iurisdictionis
1033 616 1063 643 et

315 663 470 698 libertatis
487 664 716 697 ecclesiasticae
738 664 976 708 quomodolibet
992 674 1062 707 per-

317 719 448 763 petratis
473 723 503 751 et
527 718 633 750 forsan
665 717 884 761 perpetrandis
899 745 906 758 ‚
931 728 966 751 ac
990 717 1062 750 inde

319 772 462 816 sequutis
488 777 516 804 ct
540 771 622 804 sorte
646 771 831 814 sequendis,
855 771 894 803 ad
917 776 1060 804 nostrum

318 831 348 859 et
365 825 467 858 dictae
480 824 568 858 Sedis
585 825 828 868 beneplacitum,
842 825 1062 858 constituimus

318 885 348 912 et
373 878 602 923 deputavimus,
622 878 805 910 mandantes
830 878 932 911 eidem
957 878 1061 911 Cesari

318 933 479 977 episcopo,
496 938 539 974 ut,
555 937 717 975 assumpto
741 931 847 975 aliquo
871 931 996 965 notario
1020 931 1063 963 di-

317 986 389 1020 lecti
422 987 477 1019 filii
511 996 676 1019 causarum
711 986 817 1019 curiae
842 996 985 1019 camerae
1008 996 1063 1019 no-

319 1046 403 1073 strae
428 1040 619 1084 apostolicae
655 1039 811 1082 generalis
835 1039 1008 1080 auditoris,
1033 1043 1063 1073 et

317 1094 424 1138 aliquo
449 1094 517 1126 viro
549 1093 650 1137 probo
675 1098 705 1126 et
729 1092 853 1136 perito,
878 1093 931 1136 qui
956 1092 1061 1125 dilecti

317 1149 437 1193 pariter
461 1147 516 1180 filii
542 1146 758 1191 procuratoris
775 1146 842 1180 fisci
862 1147 963 1179 nostri
980 1146 1062 1179 vices

317 1203 350 1235 in
375 1203 469 1235 causa
493 1200 674 1234 huiusmodi
692 1206 810 1243 ageret,
828 1200 1062 1244 quamprimum

317 1266 350 1289 se
367 1256 405 1288 ad
423 1255 580 1288 civitatem
599 1255 754 1287 Lucanam
776 1254 942 1295 conferret,
961 1259 991 1286 et
1008 1253 1062 1293 ibi,

319 1310 367 1342 vel
385 1309 417 1341 in
442 1308 503 1340 alio
528 1308 597 1340 loco
623 1307 681 1339 sibi
705 1307 865 1347 beneviso‚
880 1306 1062 1349 diligentem

319 1373 414 1406 super
438 1361 621 1405 praemissis
646 1361 901 1394 informationem
926 1366 1062 1404 caperet,

318 1425 550 1460 processusque
574 1420 684 1448 contra
713 1414 878 1454 antianos,
906 1414 1060 1446 vexillife-

318 1480 389 1502 rum
416 1469 604 1512 praedictos,
625 1468 766 1511 aliosque
790 1467 890 1500 dictae
907 1466 1065 1510 Reipubli-

320 1533 374 1556 cae
399 1521 607 1561 consiliarios,
632 1520 763 1560 iudices,
780 1520 930 1553 officiales
955 1525 985 1552 et
1009 1519 1065 1552 mi-

319 1581 413 1616 stros,
434 1581 465 1608 et
481 1580 603 1608 ceteros
624 1574 655 1606 in
675 1573 858 1618 praemissis
881 1573 1064 1606 huiusmodi

320 1628 493 1673 culpabiles
511 1628 663 1660 formaret
684 1632 713 1659 et
736 1626 923 1670 perficeret;
944 1631 974 1658 et
991 1625 1064 1658 sub-

320 1682 393 1716 inde
429 1682 531 1715 eidem
565 1681 689 1714 Caesari
725 1679 875 1724 episcopo
906 1678 1065 1712 commisi-

320 1746 391 1768 mus
412 1739 441 1769 et
459 1734 689 1774 mandavimus,
711 1738 745 1766 ut
762 1743 889 1766 causam
910 1738 940 1765 et
957 1743 1066 1765 causas

322 1799 416 1833 super
434 1788 626 1832 praemissis,
643 1793 672 1820 et
693 1787 762 1819 aliis
786 1797 822 1819 cx
841 1797 992 1830 processu
1009 1797 1066 1830 per

321 1853 393 1876 eum
419 1841 562 1875 faciendo
579 1840 814 1881 resultantibus,
834 1850 906 1872 cum
926 1839 1066 1872 inciden-

320 1896 414 1936 tibus,
432 1895 679 1937 emergentibus,
703 1893 833 1926 annexis
853 1898 884 1926 et
907 1892 1066 1933 connexis,

320 1956 384 1982 tam
410 1949 601 1983 coniunctim
619 1958 713 1991 quam
739 1947 876 1987 divisim,
899 1952 929 1979 et
950 1950 1012 1980 tam
1029 1946 1068 1978 ad

321 2003 500 2036 instantiam
536 2001 753 2046 procuratoris
784 2011 839 2033 seu
875 2000 1067 2044 promotoris

321 2058 447 2097 fiscalis,
466 2066 561 2100 quam
587 2066 624 2088 cx
649 2054 828 2098 inquisione
852 2059 882 2086 et
903 2053 1017 2094 officio,
1038 2058 1068 2086 et

322 2111 408 2150 alias,
423 2114 517 2154 prout
541 2109 600 2141 sibi
633 2108 804 2148 videretur,
818 2112 920 2140 motas
945 2113 975 2140 et
998 2117 1067 2140 mo-

322 2164 438 2198 vcndas
469 2169 578 2197 contra
615 2162 776 2202 antianos,
801 2161 1012 2193 vexilliferum
1039 2165 1069 2193 et

323 2219 401 2252 alios
432 2218 631 2262 praedictos,
660 2221 845 2259 ceterosque
872 2216 904 2248 in
929 2226 1068 2258 exequu-

322 2274 408 2306 tione
427 2270 658 2305 commissionis
674 2275 800 2303 nostrac
817 2269 999 2302 huiusmodi
1016 2279 1068 2302 no-

323 2326 500 2365 minandos,
515 2328 731 2367 cognosceret,
751 2323 882 2365 audiret,
909 2323 1068 2356 decideret

324 2385 354 2413 et
379 2381 440 2412 tine
465 2378 572 2411 debito
599 2377 793 2417 terminaret,
820 2382 850 2409 et
875 2377 951 2409 alias
973 2382 1069 2420 prout

324 2434 356 2466 in
382 2433 463 2466 binis
496 2432 613 2465 nostris
646 2431 677 2464 in
709 2430 804 2463 simili
836 2430 937 2463 fornia
962 2429 1068 2463 Brevis

326 2487 437 2520 diebus
463 2496 537 2518 xxlv
563 2490 593 2518 ct
617 2495 680 2518 xxx
711 2483 901 2528 septembris
931 2484 1067 2527 proximi

324 2540 487 2585 praeteriti
527 2539 701 2582 respective
737 2538 890 2582 expeditis
922 2538 1035 2571 litteris
1049 2537 1068 2578 ¹,

363 2606 373 2629 ‘l
396 2602 468 2633 Quas
488 2601 573 2628 habes
594 2609 676 2636 supra
696 2609 757 2636 pag.
776 2601 790 2627 7
811 2604 838 2628 et
858 2600 890 2627 14
912 2600 947 2634 (n.
966 2600 1013 2633 T.).

1096 399 1283 432 continetur.

1140 453 1155 496 g
1179 451 1209 486 3.
1234 453 1323 486 Nunc
1337 456 1450 493 autem,
1468 451 1505 485 de
1522 452 1591 485 viro
1611 452 1715 496 probo
1734 458 1765 486 et
1787 464 1839 498 pe·
1892 465 1951 486 auno
1965 468 2037 488 auiam

1096 506 1178 547 rito,
1204 506 1257 549 qui
1282 506 1314 538 in
1339 508 1432 539 causa
1462 510 1493 538 et
1524 505 1626 538 causis
1657 506 1838 540 huiusmodi
1853 491 2038 540 iifpr‘iiffli'etai’wu‘

1096 565 1203 603 partes
1227 560 1443 603 procuratoris
1474 569 1529 592 seu
1553 559 1746 603 promotoris
1770 560 1838 594 fisci

1096 612 1195 646 nostri
1215 617 1287 655 agat
1311 618 1341 645 et.
1366 612 1526 654 sustineat,
1540 612 1708 656 providere
1731 613 1839 647 volen-

1097 669 1151 707 tes,
1172 675 1208 698 ac
1232 665 1270 698 de
1295 667 1348 698 tua
1373 665 1446 706 fide,
1465 665 1642 708 prudentia,
1660 665 1840 709 integritate

1096 723 1126 750 et
1149 717 1291 751 doctrina
1311 718 1485 761 plurimum
1506 718 1538 751 in
1557 719 1690 753 Domino
1719 719 1838 762 confisi,

1097 777 1183 804 motu
1208 771 1350 815 proprio,
1370 776 1401 804 et
1425 782 1461 805 ex
1486 773 1571 806 certa
1595 772 1726 805 scientia
1743 778 1840 806 matu-

1098 827 1196 868 raque
1221 825 1448 858 deliberatione
1472 825 1610 868 nostris,
1635 825 1736 869 deque
1759 836 1836 870 apo-

1097 879 1225 912 stolieae
1249 879 1411 923 potestatis
1424 879 1629 922 plenitudine,
1647 884 1676 912 te
1692 879 1725 912 in
1745 882 1839 913 causa

1097 935 1126 966 et
1150 932 1252 965 causis
1288 932 1469 965 huiusmodi
1505 938 1748 976 procuratorem
1784 943 1840 966 seu

1098 990 1316 1028 promotorem
1342 985 1409 1018 sisci
1433 985 1544 1026 nostri,
1565 991 1674 1019 tenore
1697 996 1840 1030 praesen-

1098 1038 1185 1080 tium,
1201 1038 1238 1071 ad
1264 1044 1407 1072 nostrum
1433 1043 1463 1071 et
1481 1038 1569 1073 Sedis
1591 1039 1770 1083 praedictae
1790 1039 1840 1073 be-

1096 1091 1298 1135 neplacitum,
1331 1091 1474 1133 facimus,
1494 1092 1714 1126 constituimus
1742 1092 1841 1127 etde·

1096 1151 1253 1189 putamus,
1272 1145 1454 1178 mandantes
1468 1145 1533 1186 tibi,
1550 1151 1584 1178 ut
1600 1146 1838 1190 quamprimum

1097 1199 1244 1231 eumdem
1268 1199 1431 1232 Caesarem
1457 1199 1642 1243 episcopum
1662 1200 1839 1242 convenias,

1097 1258 1127 1285 et
1151 1263 1223 1285 cum
1248 1252 1302 1285 illo
1334 1252 1371 1284 ad
1396 1252 1512 1285 dietam
1545 1252 1703 1285 civitatem
1727 1257 1758 1286 et
1781 1253 1842 1286 alia

1099 1306 1166 1339 loca
1187 1305 1224 1338 ad
1249 1316 1330 1349 quae
1354 1306 1422 1349 ipse
1453 1306 1566 1339 Caesar
1590 1306 1757 1350 episcopus
1784 1306 1842 1341 ibit

1098 1359 1145 1391 vel
1164 1364 1192 1392 te
1212 1359 1316 1391 mittet
1335 1358 1475 1399 accedas,
1489 1369 1525 1392 ac
1544 1359 1763 1403 procuratoris
1784 1370 1839 1393 seu

1097 1411 1292 1456 promotoris
1316 1411 1384 1444 fisci
1409 1412 1510 1445 nostri
1541 1417 1648 1455 partes
1680 1412 1713 1445 in
1744 1415 1840 1446 causa

1098 1471 1127 1498 et
1152 1465 1254 1498 causis
1286 1465 1469 1498 huiusmodi
1503 1471 1614 1499 contra
1646 1466 1787 1499 antianos
1811 1471 1842 1500 et

1099 1518 1306 1551 vexilliferum
1331 1518 1521 1562 praedictos,
1539 1524 1570 1551 et
1593 1519 1671 1552 alios
1695 1519 1728 1551 in
1751 1519 1842 1554 dictis

1098 1572 1215 1605 nostris
1239 1572 1352 1604 litteris
1376 1571 1571 1612 nominatos,
1599 1582 1636 1605 ac
1660 1572 1692 1604 in
1716 1572 1842 1605 illarum

1099 1625 1310 1669 exequutione
1342 1625 1561 1666 nominandos,
1576 1635 1651 1668 agas
1675 1629 1706 1657 et
1729 1624 1843 1659 substi-

1099 1690 1183 1712 ncas.
1210 1680 1272 1713 Nos
1289 1679 1373 1712 enim
1398 1679 1453 1711 tibi
1471 1679 1608 1723 desuper
1624 1679 1760 1723 plenam,
1781 1689 1843 1711 am-

1100 1733 1185 1777 plam
1210 1737 1241 1765 et
1264 1733 1398 1765 liberam
1429 1732 1609 1765 facultatem
1642 1731 1845 1766 concedimus

1100 1791 1130 1820 et
1154 1786 1365 1830 impertimur.

1145 1840 1160 1883 ἓ
1183 1839 1212 1872 4.
1239 1840 1307 1873 Non
1331 1839 1548 1882 obstantibus,
1573 1839 1677 1883 quoad
1703 1850 1739 1873 ea
1765 1850 1845 1884 quae
1887 1849 2045 1875 nerogateon·
2095 1859 2097 1861 >

2079 1782 2098 1883 i

1100 1893 1321 1936 praesentibus
1345 1892 1562 1935 adversantur,
1588 1893 1701 1926 litteris
1727 1893 1844 1927 nostris
1862 1878 1939 1897 'mus'
2082 1885 2107 2396 ἱ

1103 1946 1282 1989 praedictis,
1299 1957 1335 1979 ac
1360 1947 1507 1980 omnibus
1532 1946 1603 1987 illis,
1629 1947 1760 1991 quaein
1790 1947 1846 1980 eis-

1102 1999 1172 2032 dem
1198 1999 1309 2032 litteris
1333 2000 1491 2033 voluimus
1515 2010 1579 2033 non
1603 2000 1739 2041 obstare,
1768 2004 1846 2034 cele-

1102 2053 1207 2097 risque
1232 2054 1399 2086 contrariis
1423 2054 1685 2098 quibuscumque.

1146 2107 1257 2140 Datum
1271 2108 1398 2147 Romae,
1412 2107 1495 2151 apud
1505 2107 1534 2140 S.
1545 2107 1674 2140 Mariam
1684 2107 1845 2149 Maiorem,

1102 2161 1160 2194 sub
1193 2162 1309 2195 annulo
1342 2161 1532 2201 Piscatoris‚
1564 2161 1615 2194 die
1647 2171 1677 2194 1v
1707 2160 1846 2195 octobris

1104 2225 1279 2257 tuncxxxlx,
1307 2215 1509 2259 pontificatus
1539 2214 1640 2247 nostri
1664 2224 1746 2247 anno
1767 2223 1842 2247 xvu.

1138 2278 1195 2305 Dat.
1213 2277 1256 2305 die
1272 2278 1289 2304 4
1302 2277 1419 2305 octobris
1435 2277 1512 2311 1639,
1530 2277 1624 2313 pontif.
1642 2285 1712 2304 anno
1727 2283 1790 2304 xvn.

1388 2410 1565 2445 DCLXVIII.

1102 2483 1253 2517 Declarat
1281 2482 1449 2526 reliyiosos
1468 2482 1732 2525 Conqressationis
1757 2483 1846 2515 Pau-

1144 2547 1261 2581 pcrum
1277 2536 1395 2570 Matris
1408 2536 1468 2569 Dei
1484 2535 1679 2569 scholarum
1693 2536 1847 2577 Pt'arum,

1147 2591 1234 2623 circa
1248 2590 1432 2623 nullitatem
1445 2589 1658 2633 professionis
1670 2588 1848 2623 reclaman-
