2107 3142
143 161 193 187 An.
211 160 239 189 C.
263 162 324 189 inti

379 154 439 187 159.

347 213 637 254 consuetudinibus,
664 213 837 255 privilegiis
863 224 1009 256 quoque,
1035 214 1083 246 in-

347 265 441 299 dultis
462 271 491 298 et
511 266 621 297 litteris
642 266 823 309 apostolicis
841 266 871 298 in
893 267 1086 299 contrarium

348 319 594 361 praemissorum
634 319 873 361 quomodolibet
909 321 1087 360 concessis,

346 371 540 403 confirmatis
565 377 593 403 et
619 371 787 411 innovatis:
810 372 924 415 quibus
941 373 1088 406 omnibus

347 429 375 455 et
401 423 543 465 singulis,
568 424 695 457 illorum
720 430 846 458 tenores
870 426 1088 469 praesentibus

347 487 404 518 pro
429 477 520 519 plene
545 483 575 509 et
599 478 790 511 sufficienter
815 479 972 522 expressis
993 490 1027 512 ae
1051 480 1088 513 de

348 529 444 562 verbo
468 530 506 562 ad
533 531 663 563 verbum
690 532 815 565 insertis
840 533 1007 573 habentes,
1029 533 1089 566 illis

347 583 421 615 alias
439 583 470 615 in
495 595 552 617 suo
566 584 681 618 robore
702 587 929 628 permansuris,
951 586 987 618 ad
1003 598 1089 630 prae<

349 636 515 670 missorum
525 638 681 680 effectum,
697 640 829 672 hacvice
840 640 1010 680 dumtaxat,
1026 651 1091 684 spe-

348 689 468 722 cialiter
482 696 511 723 et
525 701 671 734 expresse
688 692 888 734 derogamus,
914 694 1091 736 ceterisque

349 743 515 776 sontiariis
541 744 803 788 quibuscumque.

389 796 500 828 Datum
516 797 643 837 Romae,
654 797 738 841 apud
749 798 777 831 S.
797 799 933 839 Petrum,
955 799 1012 831 sub
1038 810 1089 832 an-

351 850 424 882 nulo
444 850 622 890 piscatoris,
639 851 688 883 die
706 861 758 884 xvl
773 852 951 886 decembris
965 863 1090 891 iiochi,

350 903 549 945 pontificatus
566 905 666 937 nostri
686 916 768 939 anno
787 917 847 939 xix.

386 965 442 992 ilat.
460 965 503 993 die
521 966 552 993 16
568 966 720 994 decembris
744 968 819 1003 toti,
838 970 929 1003 pontis.
949 978 1018 997 auno
1035 977 1090 997 xix.

632 1111 804 1145 DCCXXIX.

353 1191 536 1224 Declaralio
560 1196 587 1224 et
610 1193 788 1225 moderatio
808 1195 1003 1236 serichatum
1020 1196 1094 1227 emi-

394 1245 663 1278 ventissimormn
695 1251 722 1278 et
751 1248 1091 1281 rereremlissimornm

394 1297 461 1330 DD.
480 1298 705 1331 cardinalium
723 1300 1090 1343 arrhipreshystererem,

393 1361 430 1383 ac
448 1355 667 1394 proleclorum
690 1357 718 1384 et
740 1352 931 1385 lilularz‘wn
952 1355 1095 1387 ecelesia-

396 1415 466 1437 rum
491 1409 519 1437 ec
546 1404 687 1437 locorum
713 1406 844 1449 piorum
874 1407 978 1440 Urbis.

548 1486 685 1513 Urbanus
713 1487 791 1520 Papa
819 1487 897 1521 VIII,
933 1527 937 1530 .

476 1530 511 1556 ad
533 1534 710 1564 perpetuam
731 1531 775 1558 rei
794 1533 974 1559 memoriam.

393 1602 541 1640 Quamvis
566 1602 698 1634 Romani
724 1603 890 1636 Pontifices
915 1605 1095 1647 praedeces—

350 1665 437 1687 sores
461 1655 696 1697 nostri,eorum
724 1661 810 1689 motu
828 1658 970 1700 proprio,
997 1659 1095 1690 certa-

350 1716 412 1750 que
448 1706 577 1739 scientia
614 1717 649 1739 ac
686 1709 807 1740 matura
845 1708 1095 1748 deliberatione,

351 1759 452 1802 deque
481 1760 673 1802 apostolicae
699 1760 861 1803 potestatis
890 1761 1095 1804 plenitudine,

351 1812 565 1845 concesserint
589 1812 618 1844 S.
641 1813 674 1845 R.
701 1813 732 1845 Ε.
760 1813 973 1846 cardinalibus
997 1815 1096 1847 archi-

351 1866 542 1909 presbyteris
571 1865 777 1898 ecclesiarum
803 1877 858 1898 seu
891 1867 1094 1900 basilicarum

351 1919 379 1951 S.
395 1918 520 1951 Ioannis
546 1918 577 1950 in
602 1919 766 1958 Laterano,
781 1919 809 1951 S.
827 1919 919 1959 Petri,
938 1926 967 1952 et
985 1920 1013 1952 S.
1034 1922 1094 1953 Ma-

353 1973 417 2006 riae
442 1973 568 2006 Maioris
593 1973 631 2005 de
656 1973 739 2006 Urbe
765 1974 942 2006 facultatem
973 1986 1030 2018 per
1064 1986 1095 2008 se

353 2027 436 2070 ipsos
461 2037 597 2069 suosque
619 2026 752 2059 vicarios
777 2032 806 2059 et
832 2028 950 2060 iudices
980 2039 1095 2071 coguo-

353 2080 458 2114 2=cendi
483 2085 513 2112 et
538 2080 727 2113 terminandi
753 2091 862 2113 omnes
895 2088 923 2113 et
955 2082 1095 2125 singulas

354 2145 464 2167 causas
484 2145 520 2166 ac
545 2133 622 2175 lites,
650 2137 710 2167 tam
736 2134 836 2166 active
860 2146 953 2177 quam
973 2136 1096 2178 passive

355 2192 454 2220 motas
479 2192 509 2220 et
533 2186 713 2227 movendas,
732 2187 813 2219 inter
832 2187 915 2230 ipsas
941 2189 1096 2229 basilicas,

354 2251 530 2286 carumque
555 2241 701 2284 capitula,
727 2241 905 2282 canonicos,
928 2241 1094 2274 beneticia-
1112 2241 1114 2272 l
1131 2243 1201 2275 dem
1229 2243 1365 2275 basilicis
1391 2243 1594 2275 inservientes
1619 2246 1691 2275 sunt
1713 2247 1848 2275 actores:

355 2302 422 2336 tos,
447 2295 601 2334 clericos,
627 2295 848 2338 cappellanos,
879 2296 1019 2339 aliosque
1053 2297 1096 2328 vis

355 2349 559 2382 inservientes
584 2359 620 2381 ex
647 2350 719 2388 una,
738 2358 774 2380 ne
800 2359 816 2379 a
841 2348 968 2380 sci-viiio
994 2349 1096 2381 basili·

355 2413 461 2435 rarum
488 2401 670 2435 huiusmodi
693 2400 922 2440 retrahantur-¹,
948 2407 978 2433 et
1002 2413 1095 2445 quos-

355 2466 490 2498 cumque
504 2455 582 2488 alios
597 2466 633 2488 ex
651 2455 749 2487 altera
775 2454 927 2498 partibus,
946 2455 1097 2498 privative

367 2582 370 2585 ·
393 2574 400 2599 1
421 2571 491 2599 Edit.
509 2572 590 2599 Maia.
614 2571 677 2607 legit
695 2572 882 2600 retrahentia·
904 2574 939 2605 (11.
958 2575 1004 2605 r).

926 166 1102 189 nt'LLAtttttM
1129 165 1281 190 noMANUM

1877 168 1924 195 Λη.
1941 168 1969 199 G.
1991 158 2069 200 161ιέ

1122 214 1224 256 quoad
1251 213 1401 246 vicarium
1434 214 1573 258 aliosque
1609 215 1728 248 iudices
1753 215 1861 255 Urbis,
2060 220 2061 225 ’

1123 267 1244 300 etiamsi
1270 273 1417 310 ageretur
1434 268 1471 301 de
1492 269 1739 311 obligationibus
1764 280 1863 302 eamc-

1123 321 1250 362 ralibus,
1277 325 1305 354 et
1329 321 1422 361 alias,
1448 327 1541 365 prout
1566 322 1597 354 in
1622 333 1732 355 eorum
1750 323 1862 355 litteris

1123 380 1152 407 et
1177 375 1315 407 motibus
1341 376 1478 419 propriis
1509 376 1638 409 uberius
1663 377 1861 409 continetur:

1170 429 1184 472 g
1199 429 1227 461 sl.
1245 428 1465 470 Nihilominus,
1481 434 1513 461 ut
1528 439 1760 472 acceperamus,
1777 440 1863 473 prae-
1888 441 2056 477 annuntiatas

1125 486 1208 516 textu
1235 482 1466 527 praedictarum
1492 483 1672 516 facultatum
1702 494 1738 516 ac
1767 469 2043 527 privi-“Unffl‘um’m'

1124 535 1279 577 legiorum
1312 535 1342 568 in
1367 536 1412 568 eis
1447 541 1692 573 contentorum,
1728 536 1865 580 ipsisque

1125 589 1260 622 basilicis
1288 600 1322 622 ae
1350 589 1409 621 illis
1434 589 1675 622 inservientibus
1700 599 1864 622 concesso-

1126 654 1207 682 rum,
1233 643 1359 686 quidam
1377 644 1493 676 abusus
1510 643 1602 676 etiam
1618 648 1759 687 tempore
1779 654 1866 687 prae-

1126 695 1326 729 decessorum
1341 700 1521 730 nostrorum
1537 697 1738 740 irrepserant,
1751 696 1780 728 in
1794 697 1868 729 alio-

1127 760 1196 781 rum
1216 750 1418 783 tribunalium
1434 755 1463 782 et
1481 750 1720 793 collitigantium
1742 750 1867 793 praeiu-

1125 802 1253 834 dicium.
1280 802 1400 835 Idcirco
1425 803 1628 845 congregatio
1653 803 1865 846 praelatorum

1126 855 1202 888 alias
1227 866 1243 888 a
1265 856 1355 890 nobis
1380 867 1474 900 super
1502 857 1740 890 inhibitionibus
1758 862 1787 889 01
1805 867 1865 889 non

1125 914 1280 952 ⁸araretur
1305 920 1432 943 cursum
1459 909 1593 943 iustitiae.
1625 910 1868 953 impedientibus

1127 962 1367 1005 deputatorum,
1392 963 1429 995 ad
1457 963 1610 996 tollendos
1645 970 1671 995 et
1709 963 1868 996 evitandos

1128 1016 1254 1049 eosdem
1280 1016 1419 1059 aliosque
1444 1016 1570 1057 abusus,
1596 1016 1754 1056 decrevit,
1784 1017 1868 1060 quod

1129 1070 1221 1102 iidem
1259 1069 1433 1102 cardinales
1467 1070 1699 1113 praedictarum
1725 1069 1868 1102 basilica-

1130 1133 1198 1155 rum
1236 1123 1523 1166 archipresbyteri,
1550 1132 1723 1166 eorumque
1749 1122 1868 1165 vicarii,

1129 1186 1191 1209 non
1217 1176 1426 1209 concederent
1458 1176 1658 1208 inhibitiones
1684 1176 1868 1218 generales,

1129 1229 1181 1262 scd
1201 1230 1407 1273 particulares
1422 1228 1752 1269 tantummoncitatfi
1769 1234 1868 1272 parte⁷

1129 1287 1157 1316 et
1183 1282 1267 1315 iuxta
1294 1282 1444 1315 terminos
1475 1282 1657 1315 earumdem
1689 1282 1868 1315 facultatum

1129 1341 1159 1367 et
1183 1335 1423 1379 privilegiorum
1449 1335 1620 1375 dumtaxat,
1640 1341 1667 1368 et
1698 1335 1773 1367 alias
1797 1345 1870 1368 con-

1130 1399 1235 1421 cessae
1252 1398 1315 1421 non
1336 1392 1546 1429 servarentur,
1565 1388 1724 1431 libereque
1746 1388 1790 1421 eis
1808 1398 1871 1421 non

1129 1441 1324 1473 obstantibus
1353 1441 1421 1474 sieri
1447 1446 1553 1484 posset
1577 1441 1755 1484 exequutio,
1776 1441 1872 1484 quod-

1129 1505 1189 1538 que
1215 1494 1455 1538 emphyteutae,
1481 1494 1649 1537 inquilini,
1670 1494 1784 1534 coloni,
1809 1494 1872 1527 affi-

1131 1549 1243 1582 ctuarii
1261 1554 1290 1581 et
1315 1549 1524 1582 conductores
1541 1559 1603 1582 non
1621 1549 1795 1592 gauderent
1811 1549 1872 1593 pri-

1131 1602 1251 1645 vilegiis
1278 1603 1461 1646 praedictis,
1493 1603 1551 1635 nisi
1576 1603 1701 1646 quando
1725 1607 1872 1645 ageretur

1130 1657 1167 1689 de
1189 1657 1338 1689 interesse
1364 1656 1524 1696 ecclesiae,
1542 1661 1571 1688 et
1592 1656 1723 1702 ecclesia
1739 1661 1820 1689 esset
1839 1656 1871 1688 in

1130 1712 1231 1743 causa.
1265 1710 1405 1753 Cumque
1442 1708 1642 1752 postmodum
1680 1709 1872 1752 experientia

1132 1774 1236 1796 rerum
1264 1763 1413 1806 magistra
1431 1767 1629 1806 compertum
1650 1763 1754 1803 suerit,
1771 1763 1872 1796 nobis-

1130 1828 1190 1859 que
1229 1817 1322 1849 etiam
1348 1816 1467 1859 pluries
1496 1816 1661 1848 occasione
1692 1815 1872 1858 signaturae

1130 1869 1249 1912 gratiae
1274 1869 1456 1909 innotuerit,
1474 1880 1508 1901 ex
1536 1869 1734 1901 observantia
1748 1869 1873 1902 faculta-

1132 1928 1197 1955 tum
1223 1926 1251 1955 et
1274 1922 1514 1966 privilegiorum
1544 1922 1778 1965 praedictorum
1813 1922 1873 1955 alia

1132 1975 1223 2009 Urbis
1250 1975 1417 2007 tribunalia
1434 1975 1592 2018 impediri,
1614 1986 1649 2007 ac
1674 1975 1872 2018 eollitiganti-

1131 2029 1187 2060 bus
1213 2028 1436 2061 detrimentum
1464 2028 1548 2067 lieri,
1574 2028 1699 2071 quando
1720 2038 1783 2061 non
1812 2028 1872 2072 agi-

1131 2088 1180 2115 tur
1198 2082 1235 2114 de
1261 2082 1361 2124 bonis,
1380 2081 1512 2121 iuribus,
1531 2092 1584 2114 seu
1602 2081 1776 2114 redditibus
1794 2081 1873 2125 ipsa-

1132 2147 1200 2168 rum
1226 2136 1448 2173 basilicarum,
1483 2136 1527 2168 vel
1558 2135 1683 2178 quando
1708 2135 1871 2175 canonici,

1131 2189 1316 2229 beneficiati,
1334 2189 1450 2231 clerici,
1472 2189 1635 2232 capellani,
1660 2194 1713 2221 aut
1737 2188 1788 2221 alii
1814 2188 1872 2221 eis-

2064 356 2067 370 i

1176 2299 1190 2339 ,ξ
1214 2297 1242 2328 2.
1264 2297 1449 2339 Propterea,
1480 2296 1617 2327 volentes
1646 2295 1793 2327 iustitiam
1825 2305 1873 2327 ae·
1915 2301 2068 2349 ¹3⁰⁰l³ffssu⁰sssfi

1132 2351 1192 2392 qua
1219 2350 1305 2381 lance
1331 2349 1479 2381 omnibus
1498 2348 1679 2386 ministrari,
1697 2353 1784 2380 motu
1803 2359 1872 2391 pro·
1888 2335 1988 2392 ffiitffiu
2005 2354 2069 2401 ⁴¹⁰.¹{¹,{I

1132 2402 1223 2445 prio,
1249 2403 1399 2445 certaque
1424 2402 1551 2434 scientia
1573 2412 1606 2432 ae
1638 2403 1760 2434 matura
1789 2401 1869 2433 deli·
1888 2387 2062 2434 Ι’1111331111υτῖῗὺπ·

1132 2455 1292 2488 beratione
1317 2455 1454 2496 nostris,
1477 2455 1577 2498 deque
1602 2454 1792 2498 apostolieae
1821 2464 1873 2498 po-

1132 2509 1250 2541 testatis
1275 2508 1478 2551 plenitudine,
1499 2508 1555 2540 hac
1587 2509 1694 2540 nostra
1719 2507 1872 2541 constitu-

1888 2436 2068 2482 ἓὲἀὲῗὲῖῖἶὲῗῦῗ

1921 2468 1924 2473 ,
1948 2468 1956 2482 ,-
2061 2470 2067 2474 ,

1132 2562 1214 2596 tione
1240 2564 1403 2606 perpetua,
1421 2561 1536 2595 nedum
1554 2561 1678 2595 decreta
1696 2561 1873 2605 praedictae

1888 2488 1927 2509 his.
