2107 3142
0 192 15 210 ι.
31 182 59 210 C.
82 181 147 209 1639

4 244 148 297 03fi⁰⁰¹ffl³³⁵
207 229 230 272 ἓ.
256 228 285 262 6.
313 228 381 261 Non
411 226 605 260 obstantibus
635 225 752 259 eisdem
781 225 896 259 nostris

162 282 283 321 litteris,
307 291 343 313 ac
366 279 512 313 omnihus
532 279 592 312 illis
616 289 695 322 quae
720 279 751 311 in
774 279 819 311 eis
848 288 897 310 vo-

162 335 275 368 luimus
298 343 360 368 non
385 333 519 375 obstare,
538 332 712 376 ceterisque
731 330 897 365 contrariis

161 387 420 431 quibuscumque.

203 440 313 474 Datum
334 441 460 479 Romae,
481 440 562 483 apud
577 440 605 473 S.
625 440 760 479 Petrum,
778 439 835 471 sub
848 448 898 471 an-

160 494 234 527 nulo
244 494 417 535 Piscatoris,
430 493 480 526 die
495 503 527 526 ix
540 493 716 526 decembris
729 502 896 533 iincxxxtx,

161 547 358 590 pontificatus
375 547 473 579 nostri
491 556 571 580 auno
585 556 660 580 xvii.

196 609 251 637 Dat,
270 610 313 636 die
329 610 346 637 9
362 609 515 636 decembris
533 609 609 643 1639,
631 610 726 644 pontif.
745 617 815 636 anno
832 616 896 635 xvii.

430 753 629 787 DCLXXVIII.

164 831 338 875 Reyiilares
362 833 397 864 iri
414 832 561 876 Aquensi
582 831 749 875 provincie
767 831 900 864 Provin-

208 887 274 919 ciae
309 886 415 929 quoad
451 896 563 918 curam
598 886 790 917 animarum
825 887 900 916 sunt

207 939 340 972 subiecti
375 939 617 978 i'w'z'sclict‘ioni,
653 938 836 971 visitationi
872 941 899 971 et

208 993 393 1026 correctioni
417 991 664 1036 episcoporzcm¹.

359 1074 494 1101 Urbanus
525 1074 602 1107 Papa
628 1073 705 1107 vm,

305 1119 342 1145 ad
362 1118 495 1145 futuram
514 1118 560 1146 rei
580 1117 758 1146 memoriam.

0 1198 84 1219 tnnnutti
99 1200 150 1219 Pun-

0 1230 35 1246 ως
68 1225 149 1246 domum
209 1189 224 1232 ἓ
248 1188 276 1221 ’1.
302 1188 421 1232 Exponi
446 1188 535 1221 nobis
558 1199 658 1232 nuper
682 1188 753 1222 fecit
776 1197 902 1221 venera-

4 1251 108 1272 Maximini
124 1253 149 1272 ab

1 1278 76 1298 dmm
121 1240 236 1298 iu'bitis
267 1241 363 1274 frater
397 1240 651 1284 archiepiscopus
683 1240 837 1284 Aquensis
870 1240 901 1272 in

0 1304 104 1327 dicum.
120 1307 150 1325 οι.
165 1293 325 1337 provincia
343 1293 534 1333 Provinciae,
551 1293 636 1337 quod
653 1293 727 1326 alias
743 1293 840 1326 felicis
856 1303 903 1325 re-

0 1331 151 1393 lllssnffifrtll'.
166 1347 356 1380 cordationis
370 1347 544 1380 Bonisacius
562 1347 637 1389 VIII,
658 1346 842 1380 Benedictus
852 1346 900 1388 xl,

0 1387 86 1430 ii¹f¹⁸³¹¹¹
123 1385 150 1404 ‘¹⁷‘
166 1400 269 1434 Sixtus
283 1400 330 1441 IV,
344 1405 373 1433 et
387 1401 491 1433 forsan
515 1400 566 1433 atii
581 1400 711 1434 Romani
737 1399 901 1433 Pontifices

167 1453 427 1497 praedecessores
449 1454 567 1494 nostri,
592 1453 714 1487 diversa
737 1453 901 1497 privilegia

167 1512 197 1540 et
220 1508 433 1551 exemptiones
458 1507 558 1552 priori
575 1512 605 1540 et
622 1507 770 1540 fratribus
789 1507 902 1540 domus

167 1561 321 1603 regularis
346 1561 374 1593 S.
400 1560 559 1593 Maximini
589 1565 619 1593 et
648 1560 687 1592 de
710 1560 816 1592 Belme
840 1559 899 1593 Or-

168 1613 248 1646 dinis
280 1613 534 1646 Praedicatorum
563 1612 715 1656 Aquensis
750 1612 903 1645 dioecesis

169 1665 267 1698 dictae
280 1665 469 1708 provinciae,
484 1666 515 1698 in
533 1666 648 1709 quibus
665 1666 745 1699 inter
761 1665 820 1698 alia
833 1675 903 1698 con·

171 1718 286 1751 tinetur
303 1729 448 1762 expresse
468 1718 551 1762 quod
569 1718 668 1751 eidem
680 1718 779 1762 priori
797 1722 825 1752 et
839 1718 903 1751 suis

169 1772 403 1804 suecessoribus
427 1782 502 1804 eura
525 1771 700 1815 competat²
724 1772 900 1804 animarum

168 1823 378 1857 habitatorum
390 1825 479 1857 villae
493 1824 565 1857 dicti
576 1824 635 1857 loci
651 1825 680 1857 S.
696 1824 851 1857 Maximini
873 1829 902 1856 et

168 1876 230 1909 illic
243 1877 484 1918 advenientium,
497 1888 576 1921 quae
592 1879 729 1921 primum
747 1888 804 1922 per
820 1888 904 1921 pres-

167 1928 291 1973 byteros
316 1931 470 1963 seculares
492 1930 619 1964 idoneos
644 1931 850 1965 instituendos
874 1935 903 1964 et

168 1982 398 2025 destituendos,
431 1995 466 2018 ac
497 1985 623 2018 demum
648 1995 704 2029 per
738 1985 903 2027 religiosos

169 2036 306 2070 eiusdem
320 2037 443 2071 Ordinis
459 2038 496 2071 ad
511 2043 618 2072 nutum
636 2038 768 2082 praefati
788 2039 903 2082 priorts

168 2090 351 2124 amovibiles
374 2092 473 2124 valeat
497 2092 657 2133 exerceri,
687 2097 716 2124 et
745 2092 829 2136 quod
854 2102 903 2125 ra-

170 2143 252 2177 tione
276 2144 375 2178 dietae
396 2155 489 2178 curae
513 2145 689 2178 animarum
707 2146 796 2189 prior
813 2150 842 2177 et
859 2156 904 2179 re-

168 2196 271 2239 ligiosi
294 2198 446 2241 praedicti
471 2199 677 2233 iurisdictioni
698 2198 854 2232 Ordinarii
873 2199 903 2232 in

169 2250 254 2283 nullo
279 2251 401 2294 penitus
422 2251 482 2285 sint
505 2252 647 2293 subiecti,
672 2258 903 2286 concesserunt.

213 2303 227 2347 ξ
251 2303 280 2336 ΕΖ.
305 2304 380 2338 Cum
394 2309 509 2345 autem,
526 2305 606 2338 sicut
619 2305 728 2338 eadem
749 2305 904 2349 expositio

0 2360 153 2409 ,ffiffl‘njffi'g
169 2356 385 2400 subiungebat,
410 2358 573 2401 privilegia
597 2358 787 2399 huiusmodi,
816 2369 906 2401 regu—

0 2418 27 2434 ,ae
50 2409 332 2451 periinentg-utaribus
363 2411 446 2444 circa
477 2422 585 2444 curam
621 2412 796 2445 animarum
830 2421 902 2445 con-

16 2306 154 2328 Successor-es

0 2333 82 2354 eutices
121 2339 154 2354 re-

206 2491 215 2515 1
239 2489 274 2516 Ex
294 2489 399 2526 Regest.
420 2491 446 2518 in
466 2491 565 2519 Secret.
586 2492 667 2519 BreV.

204 2534 221 2560 2
234 2533 351 2562 Verbum
366 2538 505 2571 competat
520 2536 613 2565 deesse
624 2535 703 2564 nobis
718 2535 838 2564 videram
853 2535 905 2563 fuit
938 2527 953 2548 e

171 2578 206 2615 (a.
219 2581 267 2615 τ.).

767 177 907 202 URBANUS
928 176 984 201 vm
1003 177 1050 201 PP-

1133 205 1136 207 ,
1591 163 1633 195 45
1680 173 1728 199 lvn.
1750 173 1776 198 c.
1796 173 1862 199 1639

930 235 1033 266 cessa,
1060 223 1147 256 iustis
1172 228 1202 256 et
1232 223 1380 266 legitimis
1409 222 1447 254 de
1479 220 1581 254 causis
1610 231 1705 264 perta
1726 240 1796 254 unam
1819 235 1862 254 am<

930 277 1126 309 diversorum
1141 277 1353 309 Romanorum
1374 275 1559 308 Pontificum
1579 283 1666 317 prae<
1681 266 1765 307 {Efffilllff
1781 261 1863 280 mmm*

930 330 1131 363 decessorum
1164 333 1343 362 nostrorum
1369 327 1608 362 constitutiones
1636 332 1665 359 et

930 383 1011 416 sacri
1034 382 1162 416 Concilii
1193 382 1363 415 Tridentini
1395 382 1519 415 decreta
1543 380 1666 424 penitus

930 436 1051 470 sublata
1076 440 1106 469 et
1131 435 1281 478 abrogata
1305 435 1373 476 sint,

975 490 989 533 g
1012 489 1042 522 3,
1068 488 1277 522 Nihilominus
1300 488 1388 530 prior
1413 492 1439 520 et
1459 488 1598 530 religiosi
1620 497 1668 520 su-
1710 500 1864 530 servaturum-

931 542 1090 586 pradictae
1114 541 1226 574 domus
1245 540 1409 583 regularis,
1426 546 1589 583 praetextu
1607 541 1667 584 pri·
1684 528 1865 574 33¹g3„¹,f„²;:,¹g;¹f¹¹²

933 595 1118 638 vilegiorum
1144 593 1334 633 huiusmodi,
1355 593 1573 635 iurisdictioni,
1599 593 1668 626 visi-

933 649 1040 682 tationi
1073 652 1102 682 et
1133 646 1321 681 correctioni
1359 646 1514 679 Ordinarii
1558 646 1587 678 iu
1621 646 1667 678 his

931 712 1010 745 quae
1023 702 1061 734 ad
1078 711 1186 734 euram
1200 701 1375 733 animarum
1397 705 1538 743 spectant
1555 704 1581 731 et
1596 709 1668 732 con-

933 760 1061 789 cernunt
1092 755 1254 788 subiacere
1275 754 1432 792 resistunt,
1449 763 1485 786 ex
1506 763 1568 796 quo
1587 754 1669 785 varia

933 808 1077 841 scandala
1109 809 1139 840 in
1170 808 1345 841 animarum
1382 806 1605 839 detrimentum
1642 812 1670 837 et

934 872 1095 895 sacrorum
1121 871 1276 894 canonum
1302 863 1514 903 contemptum
1545 859 1575 891 in
1606 858 1671 890 dies

934 916 1096 949 oriuntur:
1121 915 1212 948 nohis
1230 919 1397 958 propterea
1415 913 1497 946 idem
1522 913 1672 955 arehiepi-

934 979 1046 1013 scopus
1077 968 1239 1002 humiliter
1267 967 1435 1011 supplicari
1462 966 1552 1006 fecit,
1583 971 1613 998 ut
1641 966 1669 997 in

934 1023 1114 1066 praemissis
1138 1026 1326 1066 opportune,
1346 1025 1379 1053 ut
1398 1020 1486 1060 infra,
1504 1018 1671 1063 providere

934 1076 972 1109 de
998 1075 1189 1119 benignitate
1213 1074 1382 1118 apostolica
1403 1073 1615 1116 dignaremur.

980 1129 994 1172 ἓ
1019 1129 1048 1161 lt.
1078 1129 1140 1162 Nos
1165 1128 1270 1171 igitur,
1296 1126 1440 1160 eumdem
1466 1125 1672 1168 archiepisco-

935 1192 1008 1225 pum
1035 1181 1223 1225 specialibus
1247 1180 1407 1213 savoribus
1424 1184 1453 1211 et
1473 1178 1581 1222 gratiis
1600 1188 1672 1221 pro-

935 1237 1023 1279 sequi
1048 1236 1197 1272 volentes,
1223 1239 1252 1267 et.
1276 1244 1293 1267 a
1317 1233 1477 1277 quibusvis
1498 1242 1673 1265 excommu-
1689 1251 1728 1264 ψ,

935 1290 1111 1329 nicationis,
1128 1288 1343 1332 suspensionis
1360 1293 1390 1320 et
1407 1286 1573 1325 interdicti,
1593 1285 1674 1318 aliis-

935 1354 996 1388 que
1021 1342 1238 1376 ecclesiasticis
1262 1341 1444 1380 sententiis,
1475 1339 1615 1373 censuris
1645 1344 1671 1371 et

936 1397 1055 1442 poenis,
1071 1407 1088 1429 a
1109 1396 1177 1428 iure
1202 1396 1249 1428 vel
1274 1395 1312 1427 ab
1336 1395 1475 1434 homine,
1493 1393 1601 1437 quavis
1626 1403 1674 1426 oc-

936 1451 1061 1484 casione
1086 1450 1133 1483 vel
1158 1450 1250 1483 causa
1273 1449 1353 1490 latis,
1372 1448 1395 1481 si
1414 1448 1530 1491 quibus
1547 1457 1675 1490 quomo-

936 1503 1053 1536 dolibet
1088 1502 1253 1535 innodatus
1290 1501 1415 1541 existit,
1451 1500 1489 1532 ad
1527 1500 1673 1533 effectum

1724 926 1869 950 Archiupisco-

1688 958 1723 977 pu<
1768 954 1869 977 Aquinus

1687 979 1738 1004 petit
1761 984 1798 997 sua
1821 984 1869 998 cou-

1686 1006 1724 1025 stllt
1741 1005 1869 1025 auctoritati.

1715 1138 1810 1157 l'vhauus
1830 1137 1870 1157 Rc-

1687 1166 1770 1189 gulare*
1781 1164 1869 1183 tintina-

1726 1198 1757 1210 *ιιι
1790 1190 1871 1209 inrisui·

1783 1223 1794 1236 n
1824 1217 1870 1239 his,

1789 1245 1871 1262 runem

1791 1276 1808 1289 m
1828 1276 1871 1289 aut-

1778 1313 1781 1319 ,
1801 1297 1872 1316 subic-

1689 1327 1733 1343 ctu<
1749 1323 1851 1343 declarat.

931 1556 1150 1600 *praesentium
1164 1555 1323 1587 dumtaxat
1341 1553 1605 1597 consequendum,
1624 1553 1675 1584 ha-

937 1620 1007 1642 rum
1032 1609 1113 1642 serie
1137 1609 1342 1649 absolventes,
1362 1612 1392 1640 et
1411 1607 1588 1640 absolutum
1607 1606 1672 1638 fore

937 1668 1109 1705 censentes,
1135 1661 1314 1694 huiusmodi
1336 1659 1616 1704 supplicationibus
1633 1659 1674 1691 in-

937 1716 1051 1757 clinati,
1066 1716 1104 1749 de
1116 1714 1340 1748 venerabilium
1352 1714 1482 1747 fratrum
1494 1716 1673 1746 nostrorum

937 1770 964 1803 S.
992 1770 1024 1802 R.
1050 1769 1082 1801 E.
1109 1767 1313 1802 cardinalium
1345 1766 1425 1799 sacri
1454 1765 1581 1799 Concilii
1607 1764 1674 1797 Tri-

936 1822 1053 1856 dentini
1087 1821 1292 1864 interpretum
1327 1819 1478 1859 consilio,
1514 1819 1675 1861 regulares

937 1875 1040 1921 quoad
1072 1871 1184 1908 curam
1211 1874 1387 1907 animarum
1419 1883 1487 1905 esse
1519 1871 1675 1905 subiectos

937 1928 1155 1968 iurisdictioni,
1171 1927 1337 1960 visitationi
1356 1937 1391 1960 ae
1405 1925 1594 1959 correctioni
1615 1925 1675 1968 epi-

937 1992 1122 2026 scoporum,
1147 1981 1318 2025 apostoliea
1342 1979 1541 2020 auctoritate,
1568 1982 1674 2012 tenore

938 2036 1160 2079 praesentium,
1184 2034 1391 2074 declaramus,

982 2090 996 2133 ἓ
1021 2089 1049 2122 5.
1075 2089 1187 2132 Sieque
1220 2099 1276 2131 per
1307 2097 1525 2131 quoscumque
1555 2086 1674 2119 iudices

937 2143 1114 2175 ordinarios
1138 2148 1165 2175 et
1192 2142 1366 2185 delegatos,
1393 2142 1485 2174 etiam
1507 2151 1672 2173 causarum

937 2196 1043 2240 palatii
1064 2195 1227 2240 apostolici
1246 2195 1414 2236 auditores,
1431 2194 1562 2227 iudicari
1579 2198 1609 2225 et
1625 2193 1676 2225 de-

938 2250 1022 2282 smiri
1056 2249 1193 2289 debere,
1218 2259 1254 2282 ae
1283 2248 1409 2281 irritum
1446 2253 1476 2280 et
1509 2248 1620 2288 inane,
1651 2246 1674 2277 si

938 2314 1028 2336 secus
1048 2313 1142 2346 super
1158 2302 1207 2335 his
1227 2312 1243 2334 a
1264 2312 1432 2346 quoquam,
1449 2300 1556 2344 quavis
1573 2303 1676 2331 aucto-

938 2357 1028 2390 ritate
1042 2384 1050 2397 ‚
1075 2357 1209 2390 scienter
1235 2356 1281 2388 vel
1300 2355 1492 2399 ignoranter,
1509 2353 1675 2395 contigerit

938 2409 1093 2444 attentari.

982 2464 997 2506 g
1021 2463 1050 2497 6,
1076 2463 1142 2496 Nou
1168 2462 1365 2496 obstantibus
1400 2459 1675 2494 constitutionibus

958 2521 968 2548 t
988 2515 1237 2549 ordinationibus
1262 2513 1452 2558 apostolicis,
1470 2523 1505 2546 ac
1525 2513 1598 2546 dicti
1623 2512 1676 2545 Or-

937 2569 1027 2611 dinis,
1044 2575 1084 2612 et,
1100 2574 1253 2615 quatenus
1278 2579 1356 2613 opus
1375 2568 1424 2610 sit,
1442 2567 1542 2603 dictae
1559 2567 1672 2601 domus

1718 2094 1824 2114 Clausulas
1838 2100 1872 2120 ap-

1691 2122 1756 2147 p-vmtv

1761 2465 1875 2486 Contrariis

1691 2493 1786 2518 derogat.
