2107 3142
445 177 508 211 798
994 182 1170 208 BULLARIUM
1193 183 1350 208 ROMANUM

489 249 562 272 nem
587 237 805 281 eleemosynas
831 242 949 280 petere,
978 237 1070 277 1ι’ὢιίῐ.;
1097 237 1173 280 ipsis
1198 236 1359 270 audientia
1383 235 1559 279 denegatur
1581 246 1677 280 super
1697 235 1874 269 ministerio
1893 245 1943 268 re-

491 290 683 334 demptionis
708 291 916 333 captivorum‚
945 295 976 323 et
1009 290 1077 324 iure
1109 291 1279 333 colligendi
1303 290 1513 333 elemosynas,
1539 295 1610 331 etc.,
1637 289 1713 322 ibid.
1741 295 1772 322 et
1795 299 1856 333 seq.
1883 289 1943 322 Ne-

488 349 610 387 queunt
635 343 769 376 transire
794 343 833 375 ad
861 343 969 376 tratres
994 342 1154 377 Calceatos
1179 343 1321 376 eiusdem
1346 342 1485 383 Ordinis,
1513 341 1578 374 504
1603 353 1622 374 α
1647 348 1677 375 et
1701 343 1729 375 b.

402 399 514 432 Mariae
541 397 604 439 (S.)
630 396 755 429 Maioris
780 396 911 429 basilica
937 396 1161 439 patriarchalis
1186 396 1225 429 de
1251 396 1347 435 Urbe,
1373 394 1437 428 533
1462 395 1503 436 b,
1528 394 1568 427 ad
1590 395 1727 429 favorem
1748 396 1849 439 ipsius
1868 406 1944 441 pen-

489 452 596 484 siones
622 455 795 493 perpetuae
820 456 1022 483 reservantur
1046 450 1085 482 de
1111 448 1323 491 dispositione
1348 448 1431 491 regis
1458 447 1697 491 Hispaniarum,
1717 449 1794 482 ibid.
1812 454 1918 493 etseq.

401 504 627 538 Maronitarum
653 502 823 545 collegium
850 503 880 535 in
906 503 1033 536 civitate
1058 501 1290 535 Ravennatensi
1320 501 1512 542 instituitur,
1540 501 1603 534 570
1628 512 1648 534 α
1673 507 1704 535 et
1727 512 1792 546 seq.

398 557 525 591 Martius
550 557 629 589 tituli
656 556 688 590 S.
715 556 826 599 Angeli
845 556 877 589 in
895 557 976 590 Foro
996 556 1135 589 Piscium
1155 554 1327 589 cardinalis
1352 555 1504 588 diaconus
1529 555 1698 589 Ginnettus
1724 561 1941 600 nuncupatus,

488 609 551 642 1l7
577 619 615 649 a,
642 614 804 652 protector
828 614 859 642 et
883 608 976 642 iudex
1001 609 1172 652 deputatus
1190 608 1316 651 collegii
1334 608 1455 641 Urbani
1472 608 1510 641 de
1529 607 1742 652 Propaganda
1760 607 1847 650 Fide,
1863 608 1941 641 ibid.

490 662 529 696 ad
554 673 664 706 pacem
689 662 911 696 stabiliendam
937 663 967 695 in
995 662 1162 695 Germania
1187 662 1271 695 inter
1295 661 1536 695 Ferdinandum
1562 662 1801 705 imperatorem,
1825 666 1944 695 utrum-

489 726 552 760 que
577 726 684 759 regem
709 723 740 749 et
763 715 844 749 alios
869 715 1030 759 principes
1056 716 1179 759 legatus
1204 714 1397 759 apostolicus
1423 715 1608 759 deputatus,
1627 714 1690 748 297
1712 714 1746 755 b,
1764 714 1944 749 Carmelita-

489 780 561 803 rum
586 769 714 803 Ordinis
734 774 905 812 protector,
930 768 995 801 305
1019 779 1039 801 α
1063 774 1093 802 et
1117 779 1178 812 seq.

402 823 501 857 Mauri
527 822 588 866 (S.)
614 824 820 866 congregatio
844 822 877 855 in
903 822 1019 863 Gallia,
1043 821 1113 855 vide
1137 822 1363 865 Congregatio.

400 875 566 910 Mauritius
592 876 763 909 cardinalis
788 886 804 908 a
830 876 992 909 Sabaudia
1017 876 1254 909 cardinalitiam
1280 875 1470 918 dignitatem
1497 875 1636 916 abdicat,
1663 874 1727 909 190
1752 886 1771 908 α
1795 881 1826 909 et
1851 875 1877 909 b.

401 929 635 963 Maximilianus
660 930 811 964 Bavariae
837 930 911 972 dux,
939 930 1002 963 517
1028 942 1058 964 α.

401 982 629 1016 Maximilianus
655 984 809 1016 Henricus
840 984 990 1024 Bavarus,
1018 983 1253 1027 archiepiscopi
1279 982 1475 1018 Coloniensis
1500 981 1771 1024 coadiutor,186
1789 983 1827 1024 b;
1851 988 1944 1027 pacta

490 1036 645 1069 nonnulla
670 1036 727 1069 init
752 1047 827 1070 cum
851 1038 990 1081 capitulo
1016 1037 1210 1077 Coloniensi,
1234 1047 1315 1080 quae
1339 1037 1378 1070 ab
1404 1037 1532 1070 Urbano
1558 1037 1643 1081 Papa
1667 1037 1735 1070 VllI
1762 1036 1942 1078 irritantur,

491 1088 554 1122 187
580 1100 600 1122 α
624 1094 655 1122 et
679 1090 705 1123 Ι).

402 1142 647 1176 Mediolanensis
673 1149 801 1177 senatus
826 1145 950 1179 litterae
976 1155 1071 1188 super
1091 1145 1173 1178 festo
1196 1144 1228 1177 S.
1255 1144 1412 1177 Dominici
1438 1145 1543 1178 nullae
1569 1143 1785 1185 declarantur,
1812 1143 1875 1178 739
1900 1155 1943 1182 α,·

490 1196 532 1229 ita
557 1203 587 1230 et
611 1196 751 1230 edictum
776 1198 1000 1240 gubernatoris
1025 1198 1132 1232 Status
1156 1198 1405 1232 Mediolanensis
1421 1226 1428 1240 ,
1456 1198 1533 1230 ibid.
1563 1197 1792 1231 Mediolanensi
1822 1197 1944 1231 archie-

491 1251 620 1294 piscopo
645 1251 857 1284 committitur
876 1261 1044 1295 processus
1064 1258 1176 1285 contra
1193 1253 1273 1286 duos
1292 1251 1425 1285 sicarios
1442 1262 1477 1284 ex
1494 1251 1630 1285 ecclesia
1647 1257 1817 1292 extractos,
1835 1250 1900 1284 744
1915 1251 1943 1284 b.

490 1303 724 1336 Ecclesiasticis
753 1304 860 1337 Status
885 1305 1131 1338 Mediolanensis
1156 1306 1334 1349 imponitur
1361 1307 1556 1340 contributio
1581 1306 1619 1340 ad
1646 1306 1835 1340 muniendas
1859 1305 1945 1339 eius-

491 1357 567 1390 dem
587 1357 697 1390 Status
722 1357 876 1398 civitates,
904 1357 967 1391 546
992 1370 1025 1391 a.

407 1409 561 1444 Melcltior
584 1411 731 1445 Octavius
757 1411 926 1455 episcopus
954 1412 1209 1456 Bambergensis,
1238 1412 1302 1447 583
1322 1425 1363 1453 α’,
1388 1413 1481 1457 erigit
1505 1415 1702 1448 academiam
1723 1415 1755 1448 in
1779 1413 1848 1458 ipsa
1872 1413 1946 1447 civi-

491 1469 566 1504 tale,
590 1464 668 1497 ibid.

403 1517 538 1551 Meldula
563 1519 667 1561 legato
692 1519 923 1552 Romandiolac
948 1520 1085 1557 addicta,
1111 1519 1152 1553 09
1179 1531 1208 1553 (ι.

403 1571 525 1605 Melitae
550 1571 672 1606 insulae
698 1573 890 1606 muniendae
915 1579 1027 1607 contra
1052 1574 1170 1608 Turcas
1187 1574 1385 1618 providetur,
1406 1574 1471 1608 400
1490 1575 1507 1607 b
1528 1580 1559 1608 ct
1583 1585 1661 1619 seq.;
1677 1585 1735 1619 pro
1753 1574 1945 1609 extinctione

493 1631 640 1660 monetae
665 1636 763 1659 aenae
789 1627 994 1660 ecclesiastici
1020 1629 1224 1661 contribuere
1249 1627 1378 1668 debent,
1404 1627 1467 1661 580
1493 1639 1513 1660 a
1539 1634 1569 1661 et
1593 1639 1676 1672 seq.;
1702 1627 1765 1661 619
1789 1628 1806 1660 b
1831 1634 1862 1662 et
1883 1639 1945 1672 seq.

404 1678 540 1712 Melitani
566 1679 670 1713 clerici
697 1680 860 1724 coniugati
885 1691 950 1713 non
974 1681 1158 1714 eximuntur
1178 1682 1216 1714 ab
1238 1681 1353 1714 officiis
1378 1681 1580 1721 militaribus,
1597 1681 1661 1715 473
1678 1681 1713 1722 b;
1738 1680 1945 1716 ecclesiastici

493 1738 653 1776 coguntur
677 1733 716 1765 ad
741 1733 1002 1767 constitutionem
1027 1744 1100 1767 eum
1125 1734 1231 1775 laicis,
1259 1733 1324 1767 580
1349 1746 1388 1775 a,
1414 1733 1478 1767 619
1503 1734 1531 1766 I).

403 1785 621 1819 Messanenses
639 1788 834 1820 frumentum
853 1788 995 1830 eripiunt
1012 1787 1098 1831 quod
1119 1794 1186 1821 erat
1204 1798 1262 1831 pro
1281 1798 1342 1821 usu
1364 1788 1525 1821 Romanae
1545 1787 1674 1828 curtae,
1694 1786 1757 1821 592
1778 1797 1808 1821 α.
1829 1787 1946 1822 Causas

491 1840 612 1873 idcirco
637 1841 790 1874 adversus
815 1852 868 1874 eos
894 1841 1017 1874 institui
1044 1840 1173 1874 mandat
1197 1841 1355 1882 Pontifex,
1382 1840 1445 1874 592
1463 1841 1499 1881 b,
1526 1847 1557 1875 et
1576 1851 1679 1885 usque
1697 1842 1738 1875 ad
1763 1851 1945 1874 excommu-

491 1894 683 1927 nicationem
720 1895 862 1938 procedi,
890 1893 954 1928 592
980 1896 1014 1935 b,
1039 1901 1069 1928 et
1094 1895 1263 1929 interdicto
1297 1895 1512 1930 ecclesiastico
1546 1896 1705 1929 civitatem
1737 1894 1887 1940 supponi,
1914 1895 1945 1928 ni

493 1948 669 1991 culpabiles
694 1948 894 1992 resipiscant,
921 1948 985 1981 593
1011 1960 1040 1982 α.

404 1998 535 2032 Michael
561 2000 753 2033 Mazzarinus
778 2001 809 2033 in
835 2002 1023 2045 magistrum
1049 2003 1233 2045 generalem
1264 2003 1303 2036 ab
1328 2003 1488 2046 aliquibus
1513 2003 1639 2046 eligitur
1663 2002 1794 2036 Ordinis
1819 2001 1947 2035 Praedi-

494 2059 650 2094 catorum,
677 2054 742 2087 219
767 2065 804 2091 αν,
831 2055 931 2098 ipsius
957 2057 1071 2089 electio
1095 2056 1240 2089 irritatur
1264 2057 1313 2089 vel
1338 2056 1558 2100 suspenditur,
1585 2056 1651 2089 219
1677 2057 1693 2088 b
1719 2061 1750 2090 et
1773 2066 1835 2099 seq.

405 2105 605 2139 Minimorum
631 2106 715 2140 Ordo
742 2108 843 2140 sancti
868 2109 1028 2143 Francisci
1054 2110 1091 2142 de
1117 2110 1227 2149 Paula,
1253 2109 1290 2142 91
1322 2121 1361 2151 a,
1385 2121 1424 2143 an
1450 2109 1701 2153 permittendum
1727 2110 1839 2143 tratres
1871 2108 1945 2143 reli-

491 2161 595 2203 giosos
622 2171 769 2195 exercere
796 2172 905 2195 curam
931 2163 1109 2195 animarum
1136 2162 1167 2195 in
1193 2163 1328 2196 ecclesia
1346 2174 1382 2196 ac
1400 2163 1553 2206 parochia
1578 2163 1624 2196 ss.
1653 2162 1752 2206 Sergii
1776 2168 1806 2196 et
1831 2161 1945 2196 Bacchi

491 2214 529 2247 de
554 2214 649 2255 Urbe,
678 2214 774 2255 ibitis,
798 2215 916 2248 debent
940 2216 1107 2248 ecclesiam
1133 2226 1246 2249 novam
1271 2222 1458 2250 construi-re
1483 2226 1583 2260 prope
1615 2217 1784 2250 eeclesiam
1809 2216 1839 2249 S.
1864 2215 1945 2249 Petri

493 2267 531 2300 ad
556 2268 691 2301 Vincula
715 2274 745 2301 ct
769 2270 905 2312 primam
931 2269 1110 2310 dimettere,
1138 2269 1175 2302 91
1205 2269 1239 2305 b:
1267 2269 1350 2303 Laici
1378 2280 1486 2303 vocem
1511 2270 1630 2303 liabent
1654 2270 1687 2302 in
1717 2269 1945 2305 admissionem

493 2322 687 2355 novitiorum
714 2322 751 2354 ad
778 2323 1020 2365 professionem,
1047 2322 1110 2356 100
1136 2334 1154 2355 a
1179 2328 1209 2356 et
1233 2322 1272 2363 b3
1299 2323 1370 2356 vide
1395 2323 1480 2356 Ordo
1506 2323 1674 2356 Minorum.

405 2373 541 2407 Minores
566 2374 807 2408 Conventuales.
833 2375 911 2409 Cum
944 2375 1007 2408 sint
1040 2386 1112 2409 vere
1137 2376 1350 2409 Mendicantes
1382 2376 1481 2410 arceri
1509 2382 1674 2420 nequeunt
1698 2387 1715 2409 a
1739 2381 1875 2420 quaestu
1901 2376 1944 2409 sa·

495 2428 620 2469 ciendo,
648 2429 689 2462 53
715 2430 730 2461 b
755 2434 784 2462 et
808 2440 883 2472 seqq
910 2429 978 2462 vida
1003 2429 1098 2462 Ordo,

405 2479 539 2514 Minores
563 2482 759 2515 Discalceati.
785 2482 971 2515 Provinciae
997 2488 1026 2515 et
1051 2483 1214 2516 custodiae
1239 2483 1476 2527 Hispaniarum,
1501 2489 1531 2517 et
1557 2483 1719 2516 Indiarum
1744 2493 1802 2516 sua
1826 2482 1946 2516 habent

493 2535 665 2577 peculiaria
691 2541 828 2575 statuta,
855 2535 917 2568 198
942 2536 976 2577 [¹3
1002 2542 1134 2579 possunt.
1151 2548 1244 2570 suum
1263 2538 1459 2581 peculiarem
1477 2542 1720 2581 procuratorem
1745 2537 1776 2571 in
1801 2537 1943 2571 Romana

494 2588 588 2621 Curia
604 2588 730 2630 habere,
749 2588 814 2623 199
827 2600 845 2622 a
863 2596 893 2623 et
912 2590 939 2631 b,
956 2591 1116 2624 subiectae
1135 2595 1240 2624 tamen
1259 2597 1332 2624 sunt
1350 2591 1492 2625 ministro
1507 2591 1651 2635 generali
1668 2590 1809 2632 Ordinis,
1829 2589 1894 2624 199
1914 2589 1941 2631 b;
