2107 3142
33 190 86 214 An.
102 187 130 212 C.
151 185 221 212 1654

58 509 177 531 Exordium.

77 929 143 955 Suppt
147 929 150 949 1
154 934 178 950 ea
183 929 212 949 tio

29 957 101 976 contra
107 961 212 976 commen-

28 981 131 1002 datartos.

831 186 1039 210 INNOCENTIUS
1060 187 1079 209 X
1100 188 1149 210 ΓΡ.

280 237 375 272 luere,
403 243 459 265 nec
482 232 616 265 visitare
640 233 818 273 monachos,
839 237 896 266 aut
914 244 975 266 eos-

277 285 348 317 dem
369 286 537 328 corriqere.

428 374 623 402 Innocentius
644 375 721 408 Papa
740 375 777 407 Χ,

373 419 409 445 ad
429 419 562 445 futuram
581 419 626 446 rei
645 419 827 446 memoriam.

276 497 444 530 Pastoralis
469 498 562 531 officii
587 498 677 531 nobis
703 498 851 530 divinitus
883 508 970 530 com-

231 550 317 582 missi
344 556 448 594 partes
474 561 541 583 esse
565 551 796 593 cognoscimus,
821 555 871 591 ut,
896 551 969 583 reli-

229 604 393 645 giosorum
426 603 566 636 virorum
591 604 622 636 in
646 604 832 636 humilitatis
857 604 969 647 spiritu

229 657 287 689 sub
312 657 398 689 suari
423 657 585 699 religionis
610 657 685 699 iugo
709 657 860 690 Altissimi
882 657 970 690 obse-

229 710 310 752 quiis
347 710 595 753 mancipatorum
628 710 803 743 commodis
833 715 863 742 et
887 711 968 743 felici

228 761 394 794 directioni
420 762 636 802 intendentes,
661 763 731 795 illos
755 773 772 794 a
797 762 968 806 dispendiis

228 813 430 856 quibuslibet,
455 820 607 857 quantum
632 815 724 847 nobis
749 826 784 847 ex
810 815 872 847 alto
898 826 968 848 con-

228 866 360 907 ceditur,
387 876 563 899 asseramus
576 865 594 898 ¹.

271 920 286 962 §
311 919 340 951 ‘'l.
362 918 451 959 Sane,
465 930 524 962 pro
538 925 625 962 parte
643 920 746 952 dilecti
765 920 820 952 filii
837 921 966 962 Claudii,

227 971 346 1004 abbatis
365 971 521 1013 generalis
539 972 663 1004 Ordinis
676 972 900 1013 Cisterciensis,
911 984 967 1016 per

227 1025 295 1057 eius
312 1030 552 1068 procuratorem
567 1025 657 1057 nobis
670 1035 774 1068 nuper
791 1026 966 1069 expositum
983 1054 985 1060 ,

225 1079 301 1119 suit,
320 1078 415 1121 quod,
436 1078 508 1111 licet
531 1079 703 1121 peculiaria
727 1078 852 1112 Ordinis
876 1090 966 1122 prae·

225 1131 299 1162 dicti
324 1131 500 1174 privilegia,
518 1141 534 1163 a
555 1131 794 1174 quampluribus
818 1132 966 1165 Romanis

226 1184 429 1216 Pontificibus
454 1190 484 1216 et
509 1185 668 1226 signanter
693 1195 709 1216 a
734 1185 832 1217 felicis
857 1195 965 1217 recor-

224 1237 358 1270 dationis
383 1238 436 1270 Pio
461 1238 503 1277 H,
529 1238 614 1270 Sixto
633 1238 665 1276 V,
687 1238 868 1271 Innocentio
886 1239 964 1278 Ytll,

224 1289 278 1322 Pio
304 1291 350 1331 tr,
376 1290 430 1322 Pio
456 1290 479 1321 V
504 1296 534 1322 et
558 1290 712 1332 Gregorio
737 1291 803 1323 Xlll
832 1291 963 1333 praede-

223 1343 401 1376 cessoribus
418 1343 534 1375 nostris
557 1353 705 1375 concessa
721 1348 750 1375 et
768 1343 963 1383 confirmata,
980 1367 982 1373 s

222 1395 396 1439 respective
420 1395 588 1438 disponant
611 1406 647 1428 ac
671 1395 853 1435 declarent,
878 1396 963 1439 quod

223 1448 499 1487 commendatarii,
526 1448 715 1480 monasteria
739 1448 813 1481 dicti
839 1448 963 1481 Ordinis

222 1501 253 1533 in
267 1501 485 1534 commendam
503 1501 689 1543 obtinentes,
710 1502 826 1533 nullam
849 1501 879 1533 in
897 1512 960 1534 mo-

221 1554 366 1586 nasteriis
382 1554 440 1586 sibi
458 1553 713 1594 commendatis‘2,
730 1554 834 1596 quoad
850 1564 961 1587 corum

220 1607 393 1639 monachos
427 1606 676 1639 iurisdictionem
706 1612 882 1646 exerceant,
908 1606 961 1638 sed

221 1659 356 1691 visitatio
382 1659 418 1691 ad
445 1659 588 1691 abbatem
606 1659 745 1692 Cistercii
771 1665 801 1691 et
825 1664 960 1701 quatuor

218 1711 387 1755 primores,
412 1711 583 1754 quemlibet
608 1711 639 1743 in
665 1713 721 1743 sua
746 1711 959 1754 generatione,

219 1765 305 1797 iuxta
323 1765 456 1797 formam
477 1765 678 1807 antiquorum
706 1764 958 1807 privilegiorum,

218 1817 384 1860 pertineat,
409 1828 444 1849 ac
469 1817 613 1849 monachi
638 1817 778 1859 ipsorum
804 1822 959 1849 monaste-

217 1870 339 1903 riorum
357 1870 650 1903 commendatorum
675 1869 792 1902 dictum
813 1869 957 1901 abbatem

218 1975 451 2009 commissarios
487 1975 524 2007 ad
564 1975 706 2008 eamdem
744 1975 957 2008 visitationem

216 2029 358 2072 recipere
378 2033 408 2062 et
432 2029 462 2060 in
488 2039 598 2061 00111111
623 2028 766 2061 manibus
787 2028 957 2072 professio-

216 2092 287 2114 nem
299 2082 442 2114 emittere
453 2082 598 2121 debeant;
613 2081 872 2114 commendatarii
883 2091 956 2114 vero

216 2145 255 2167 ne
279 2135 458 2178 quempiam
484 2141 616 2178 propter
640 2135 789 2167 delictum
814 2135 956 2175 eiiciant,

215 2188 281 2227 sed,
306 2188 566 2231 quotiescumque
586 2188 732 2220 monaehi
757 2187 831 2230 quid
856 2188 955 2220 admi-

217 2240 332 2279 serint,
357 2240 441 2283 quod
465 2240 591 2283 quidem
616 2240 886 2272 animadversione
911 2240 974 2272 di-¹

215 2302 312 2335 gnum
338 2292 396 2333 sit,
422 2293 452 2324 id
477 2292 712 2335 quati‘iprimum
738 2292 838 2335 priori
864 2293 952 2325 clau-

214 2346 302 2378 strali
336 2346 383 2377 rel
416 2346 633 2378 commissario
669 2345 868 2388 significent,
902 2346 955 2391 qui

215 2398 444 2432 correctionem
471 2398 556 2430 iuxta
580 2398 704 2431 Ordinis
720 2398 871 2441 praedicti
897 2404 956 2431 sta-

214 2456 279 2485 tuta
303 2452 405 2491 saciat,
429 2461 465 2484 ac
489 2451 615 2484 demum
641 2451 730 2494 prior
755 2456 785 2483 et
805 2452 955 2494 subprior

250 2523 261 2547 1
279 2522 347 2553 Quid
363 2530 411 2557 pro
427 2531 589 2550 asseramus
605 2522 750 2556 legendum
761 2522 850 2549 nescio
865 2522 954 2556 (uxr).

248 2566 266 2592 2
276 2565 323 2592 Ed.
334 2566 411 2593 Main.
419 2567 448 2593 h.
459 2566 663 2594 monasterio...
672 2567 953 2601 commendalatnff).

1647 179 1702 211 771

1008 234 1039 266 in
1063 234 1172 266 iisdem
1195 235 1421 267 commendatis
1453 245 1507 267 seu
1527 235 1745 268 commendan-

1007 286 1053 319 dis
1078 288 1297 327 monasteiiis,
1323 287 1471 320 officiales
1504 287 1682 330 spirituales
1713 294 1744 320 et

1008 340 1206 382 temporales,
1223 340 1296 373 dicti
1317 340 1441 373 Ordinis
1467 341 1609 384 professi,
1631 347 1660 373 et
1680 352 1743 374 non

1006 393 1181 432 seculares,
1215 404 1271 436 per
1296 394 1595 436 eomi'nent‘latarios,
1621 394 1742 426 etiamsi

1006 446 1034 479 S.
1048 447 1082 479 P..
1097 447 1129 478 E.
1144 447 1317 479 cardinales
1330 446 1466 488 suerint,¹
1481 447 1698 487 instituantur,
1712 453 1742 480 et

1005 505 1175 542 propterea
1191 500 1270 532 sacri
1287 500 1415 533 Concilii
1429 500 1600 532 Tridentini
1615 500 1741 533 decreto

1004 562 1079 583 sess.
1105 562 1175 593 xxv,
1202 562 1267 595 cap.
1295 562 1335 584 xx
1368 557 1516 584 statutum
1542 553 1740 595 reperiatur,

1005 609 1038 636 ut
1061 604 1184 647 priores
1209 605 1408 643 claustrales,
1433 615 1467 637 ac
1493 605 1523 636 in
1548 605 1741 648 prioratibus

1004 657 1235 690 conventuum2
1258 658 1446 689 habentibus
1472 658 1661 701 superiores,
1686 658 1740 701 qui

1003 710 1218 743 correctiones
1244 716 1273 742 et
1298 711 1460 754 spirituale
1485 711 1627 753 regimen
1652 722 1740 743 excr-

1003 768 1083 800 00111,
1104 773 1120 794 11
1144 763 1287 806 capitulis
1303 763 1512 805 generalibus,
1531 764 1578 795 vel
1596 763 1738 806 ipsorum

1002 814 1153 847 Ordinum
1178 815 1388 849 visitatoribus
1407 816 1626 855 instituantur3
1645 827 1679 848 ac
1698 817 1739 847 in-

1002 878 1097 911 super
1121 878 1138 900 a
1162 869 1405 910 congregatione
1430 869 1656 901 venerabilium
1675 870 1738 901 sra-

1003 925 1084 954 trum
1109 927 1289 953 nostrorum
1316 921 1454 953 eiusdei'n
1481 922 1508 954 S.
1531 923 1564 955 R.
1586 923 1618 954 E.
1640 922 1738 954 cardi-

1001 973 1129 1013 nalium,
1153 974 1287 1016 negotiis
1315 979 1344 1006 et
1369 975 1649 1006 consultationilms
1675 975 1738 1017 epi-

1001 1037 1169 1069 scoporum
1188 1032 1217 1059 et
1234 1027 1427 1069 regularium
1448 1027 1637 1070 praeposita,
1656 1038 1738 1059 reso-

1000 1079 1134 1111 lutiones
1167 1079 1348 1121 praemissis
1388 1090 1424 1111 ac
1461 1079 1736 1112 constitutionibus

1000 1131 1179 1174 apostolicis
1204 1132 1326 1164 innixae
1351 1133 1564 1164 emanaverint
1583 1132 1632 1164 die
1648 1142 1669 1165 11
1687 1143 1738 1164 au-

999 1185 1080 1227 gusti
1105 1195 1264 1226 nnexcvn,
1283 1185 1396 1228 quibus
1418 1191 1491 1217 tunc
1516 1186 1658 1218 existenti
1684 1196 1736 1218 no-

999 1243 1064 1269 stro
1089 1243 1118 1270 01
1142 1237 1229 1270 Sedis
1254 1237 1452 1280 Apostolicae
1478 1238 1509 1269 in
1534 1248 1631 1280 regno
1650 1239 1736 1271 Polo-

998 1291 1068 1322 niae
1092 1291 1207 1323 nuncio
1232 1291 1407 1323 iniunctum
1432 1291 1498 1331 suit,
1525 1297 1558 1323 ut
1582 1291 1664 1323 serio
1689 1291 1735 1322 in-

999 1343 1142 1385 vigilaret
1159 1354 1197 1375 ne
1215 1343 1474 1376 commendatarii
1499 1343 1691 1381 huiusmodi,
1707 1350 1736 1375 et

998 1395 1157 1437 signanter
1177 1395 1308 1427 dilectus
1327 1395 1444 1438 pariter
1461 1395 1544 1427 filius
1561 1396 1736 1428 Alexander

996 1448 1135 1481 Donlioll'
1160 1449 1443 1481 commendatarius
1466 1449 1647 1481 monasterii
1673 1451 1734 1481 An-

997 1501 1190 1533 dreoriensis
1204 1500 1327 1533 Ordinis
1342 1500 1505 1543 praedicti,
1519 1501 1733 1534 Cracoviensis

997 1553 1159 1592 dioecesis,
1185 1553 1268 1584 cirea
1293 1553 1473 1585 officialium
1499 1553 1667 1585 electiones
1685 1555 1733 1586 rel

996 1607 1079 1638 eirca
1103 1606 1330 1638 monachorum
1351 1605 1443 1638 vitam
1462 1611 1491 1638 et
1519 1617 1623 1638 mores
1648 1613 1731 1639 cete-

995 1669 1091 1702 raque
1117 1659 1291 1691 institutum
1314 1660 1460 1701 regulare
1484 1660 1673 1702 spectantia,
1700 1671 1731 1692 se

995 1712 1195 1753 ingererent:
1222 1711 1427 1743 nihilominus
1452 1711 1546 1744 iidem
1572 1722 1732 1745 cominen-

993 1764 1104 1796 datarii
1140 1764 1255 1808 passim
1289 1770 1318 1796 et.
1350 1765 1381 1796 in
1405 1765 1517 1808 primis
1552 1766 1731 1808 praedictus

992 1817 1167 1849 Alexander
1205 1818 1344 1850 Donlioff
1380 1818 1411 1849 in
1451 1818 1511 1849 vim
1555 1818 1732 1850 litterarum

975 1865 976 1872 ¹
992 1870 1237 1913 apostolicarum
1257 1881 1352 1913 super
1372 1871 1556 1903 eorumdem
1575 1877 1732 1903 monaste-

218 1923 357 1956 Cistereii
375 1928 404 1955 et
420 1923 541 1966 primos
566 1926 702 1966 quatuor
719 1932 754 1954 ac
772 1922 957 1954 eorumdem
974 1922 976 1949 ἕ
992 1923 1112 1955 riorum
1139 1923 1333 1955 commendis
1358 1923 1585 1966 expeditarum,
1610 1924 1641 1955 in
1662 1924 1731 1967 qui-

975 1991 976 1994 *
993 1975 1050 2008 bus
1068 1975 1248 2008 huiusmodi
1267 1976 1530 2008 monasteriorum
1549 1987 1634 2017 cura,
1652 1977 1732 2019 regi-

993 2039 1065 2061 men
1082 2035 1111 2062 01.
1130 2029 1359 2061 administratio
1386 2035 1447 2061 tam
1466 2030 1496 2061 in
1514 2030 1730 2073 spiritualibus

991 2092 1084 2125 quam
1111 2082 1338 2125 temporalibus
1354 2082 1493 2125 plenarie
1512 2083 1729 2123 committitur,

990 2134 1198 2177 praetendunt
1217 2134 1265 2166 ius
1290 2134 1471 2166 instituendi
1489 2145 1524 2167 ac
1541 2135 1728 2167 destituendi

990 2188 1113 2230 priores
1130 2192 1160 2219 et
1180 2187 1338 2226 officiales,
1360 2187 1551 2225 claustrales,
1572 2187 1727 2227 visitandi,

991 2240 1181 2282 corrigendi,
1206 2240 1371 2279 statuendi,
1397 2240 1563 2273 ordinandi
1589 2245 1619 2272 et
1643 2251 1729 2272 exer-

990 2293 1079 2326 cendi
1104 2304 1139 2325 ea
1164 2304 1242 2336 quac
1270 2293 1423 2325 istitutum
1441 2293 1586 2335 regulare
1606 2294 1727 2326 contin-

989 2350 1087 2388 gunt,
1113 2346 1361 2388 eorumdemque
1386 2345 1726 2378 commendatarioruin

988 2399 1140 2438 nonnulli,
1165 2409 1228 2431 non
1253 2398 1389 2431 contenti
1415 2398 1588 2431 redditibus
1614 2400 1728 2431 1101111-

989 2452 1100 2492 ctibus,
1125 2462 1260 2495 quorum
1286 2451 1438 2483 maiorem
1460 2457 1582 2494 partem
1599 2462 1636 2484 ex
1653 2462 1728 2494 opu-

1023 2522 1036 2548 1
1056 2521 1243 2555 Praeintellige
1259 2521 1352 2556 partic.
1371 2525 1460 2556 negat.
1477 2529 1513 2548 ne
1529 2522 1567 2555 (11.
1588 2521 1637 2556 r).

1023 2566 1038 2592 2
1059 2565 1158 2592 Forsan
1179 2565 1323 2600 legendum
1343 2567 1512 2592 conuentum
1532 2565 1632 2600 (11312).

1757 190 1804 213 ΑΗ.
1823 188 1849 214 C.
1873 189 1941 215 1654
