2107 3142
427 206 490 239 828

383 268 433 300 XI.
451 268 639 301 Generalem
651 267 840 310 magistrum
852 265 979 299 Ordinis
994 267 1124 300 fratrum

471 321 732 353 praedicatorum
746 322 872 353 tratrem
883 320 1038 352 Thomam
1052 321 1127 353 Tur-

471 385 542 406 cum
565 373 739 416 privilegiis
757 379 860 413 ornat,
880 372 955 406 35⁶2.

384 428 447 459 XII.
484 427 650 470 I'rivilegia
683 428 972 469 eom-lavistarum,
1001 426 1076 460 355.

385 480 466 513 XIII.
510 480 656 513 Facultas
686 479 805 513 nuncio
842 481 993 513 Poloniae
1018 492 1125 514 rescr-

472 534 564 567 vandi
592 534 652 566 tria
680 533 838 566 beneficia
865 534 1078 567 ecclesiastica
1097 535 1128 567 in

472 588 607 630 singulis
637 588 832 628 (lnesnensi,
868 587 1126 627 Vladislaviensi‚

472 640 681 673 posnaniensi
702 668 709 681 ,
738 641 899 680 Plocensi,
928 640 1127 674 Craeoviensi

473 700 499 725 et
533 693 728 726 Wormiensi
762 694 904 726 ecclesiis
936 695 1083 738 personis
1113 706 1127 727 a

474 758 546 789 rege
570 747 723 780 Poloniae
745 747 964 788 nominandis,
991 747 1066 780 359.

490 800 667 833 l’roliibitio
692 801 811 833 curatis
843 801 874 832 in
905 811 1003 843 regno
1032 801 1130 833 Fran—

476 853 555 893 ciae,
585 864 623 885 ne
649 860 763 896 cogant
788 854 905 887 invitos
935 855 996 886 alia
1025 854 1129 886 osIiria

474 907 635 939 celebrare
667 907 697 939 iu
723 907 867 940 eeclesiis
891 907 1130 950 parochialibus

476 972 532 1002 pro
550 961 700 1001 mortuis,
728 961 782 1004 qui
808 961 1008 1005 sepeliuntur
1044 961 1127 1005 apud

475 1014 672 1055 Carmelitas,
689 1025 786 1057 quam
802 1026 884 1058 quae
902 1010 1131 1058 pia'defuncto-

475 1077 545 1099 rum
572 1068 618 1099 rel
643 1068 817 1101 haeredum
844 1068 944 1101 libera
970 1069 1131 1102 voluntate

476 1120 591 1153 suerint
617 1121 789 1165 postulata,
819 1120 892 1153 361.

477 1174 625 1206 Facultas
650 1175 854 1217 regularibus
877 1185 1028 1208 concessa
1055 1186 1131 1208 con-

477 1227 626 1259 firmatur
647 1239 704 1270 pro
733 1228 904 1261 audiendis
934 1228 1130 1261 secularium

479 1280 736 1314 confessionibus
757 1281 850 1314 etiam
870 1282 951 1314 intra
970 1283 1130 1325 pascalem

478 1333 691 1376 quindenam,
717 1334 793 1367 362.

495 1387 678 1420 Mandatum
697 1399 762 1431 quo
783 1388 952 1431 episcopus
970 1388 1000 1421 S
1030 1388 1133 1421 Salva—

476 1441 553 1473 toris
576 1451 640 1473 non
678 1441 774 1483 possit
813 1452 927 1485 cogere
959 1441 1134 1474 catholicos

479 1494 697 1537 capitaneatus
713 1493 988 1528 del‘ernambuco
1007 1500 1040 1528 ut
1060 1505 1132 1527 cum

480 1548 594 1580 adeant
614 1558 670 1590 pro
690 1547 886 1591 praestando
904 1547 1084 1581 iuramento
1102 1548 1134 1580 in

480 1599 584 1633 causis
611 1601 886 1644 dispensationum
913 1602 1135 1635 matrimonia-

482 1654 573 1694 lium,
601 1653 676 1687 3ssss.

389 1707 481 1739 XVII.
502 1708 592 1741 Circa
614 1709 740 1741 moenia
759 1720 793 1741 a(-
811 1710 1056 1752 propugnacula
1080 1709 1137 1742 Ur-

479 1761 526 1794 bis
551 1773 661 1794 reeens
687 1769 851 1803 extructa,
875 1773 1053 1806 eorumque
1079 1773 1136 1806 po-

481 1815 591 1854 meria,
611 1815 686 1848 364.

390 1869 496 1902 XVIII.
519 1869 712 1902 Conceditur
726 1870 927 1903 auditoribus
948 1880 1056 1904 sacrae
1075 1871 1136 1903 Ro-

479 1927 529 1954 tae
554 1922 713 1955 indultum
750 1922 914 1956 deserendi
947 1924 1067 1966 ubique
1104 1929 1135 1957 ct

471 1976 557 2007 omni
585 1982 728 2019 tempore
755 1977 972 2018 roceliettum,
999 1976 1075 2010 365.

392 2027 467 2059 XIX.
493 2028 584 2066 Quod
614 2036 840 2071 procuratores
872 2030 1136 2072 poenitentiariae

481 2083 674 2124 apostolicae
689 2093 773 2115 nunt·
795 2088 825 2115 et
841 2094 898 2126 pro
918 2090 1060 2127 tempore
1078 2084 1137 2116 exi—

482 2140 600 2168 stentes
622 2137 744 2178 possint
762 2136 884 2169 deferre
905 2137 1059 2177 tunicam,
1076 2141 1138 2169 sot-

486 2192 596 2220 lamtm
621 2189 713 2231 vulgo
737 2196 977 2232 nuncupatam⁷
1010 2196 1041 2224 et
1065 2190 1136 2223 cin-

482 2242 592 2283 gulum
619 2242 736 2275 coloris
761 2243 906 2284 violacei,
934 2242 1009 2276 3⁴37.

395 2294 455 2326 XX.
473 2294 641 2337 Deputatio
656 2296 796 2339 episcopi
816 2296 1015 2329 S‹·utarensis
1034 2296 1066 2328 in
1088 2297 1139 2329 ad-

483 2348 734 2381 ministratorem
757 2350 971 2392 quarunulam
993 2349 1139 2382 ecelesia-

485 2412 556 2433 rum
583 2402 614 2433 in
641 2403 785 2445 partibus
811 2403 1002 2443 infidelium,
1031 2402 1106 2435 367.

396 2454 469 2486 XXI.
498 2455 667 2498 D··putati‹›
694 2456 835 2499 episcopi
861 2456 1005 2488 Termine
1027 2456 1060 2488 in
1087 2456 1140 2488 ad-

485 2508 735 2541 ministratorem
775 2509 984 2542 eeclesiarum
1021 2510 1139 2554 Sypliri

487 2568 514 2593 et
541 2562 628 2602 leae,
650 2563 802 2596 ecelesiae
830 2564 998 2595 'I'Iwi'uliae
1024 2563 1140 2596 vicissa-

488 2625 569 2646 rum.
611 2615 639 2647 in
672 2616 815 2659 partibus
842 2617 1033 2659 infidelium,
1061 2616 1135 2650 368.

384 800 462 832 XIV.

386 1173 447 1206 XV.

390 1387 466 1419 XVI.

975 213 1070 237 BELLA
1076 213 1151 237 turn
1178 208 1327 237 adamarit

1179 266 1272 299 XXII.
1299 265 1470 309 Deputatio
1488 266 1718 311 archiepiscopi
1736 266 1920 301 Antibaren-

1269 321 1311 353 sis
1338 320 1369 351 in
1401 319 1692 353 administratorem
1712 320 1920 354 ecclesiarum

1270 372 1358 415 regui
1373 372 1499 407 Servi-ae
1518 373 1549 406 in
1566 372 1714 416 partibus
1731 373 1922 414 infidelium,

1269 426 1345 459 369.

1180 481 1288 514 XXIII.
1317 481 1465 514 Facultas
1487 481 1642 524 episcopo
1660 481 1827 514 Oxomensi
1845 481 1924 514 inhi-

1270 535 1367 568 bendi
1402 535 1617 578 regularibus,
1651 546 1692 568 ne
1721 536 1844 578 absque
1868 545 1925 568 sua

1238 613 1242 616 .
1270 588 1402 621 licentia
1436 588 1653 622 confessiones
1678 589 1832 629 audiant,
1859 588 1921 621 mi-

1270 652 1397 685 nusque
1410 643 1543 674 verbum
1558 641 1614 675 Dei
1632 640 1829 684 praedicent,
1846 640 1921 675 369.

1293 695 1440 728 Facultas
1471 695 1591 728 nuncio
1628 695 1803 739 apostolico
1839 695 1924 738 apud

1270 747 1496 791 imperatorem
1528 748 1680 781 liberandi
1707 748 1921 791 archiepisco-

1271 811 1347 844 pum
1373 802 1543 834 electorem
1573 800 1795 834 Trevirensem
1823 811 1840 834 e
1864 811 1924 833 cu—

1271 854 1373 887 stodia
1407 854 1439 886 in
1471 865 1532 897 qua
1562 854 1695 887 nomine
1724 853 1814 887 Sedis
1843 853 1927 897 Apo-

1271 908 1400 940 stolicae
1425 908 1598 948 detinetur,
1626 906 1701 940 371.

1182 960 1269 993 XXV.
1295 961 1464 1005 Deputatio
1489 961 1628 1005 epIscopi
1656 960 1878 994 Chersonensis
1895 960 1927 994 in

1273 1015 1414 1047 Tartari-a
1449 1015 1480 1047 in
1510 1014 1804 1048 administratorem
1839 1025 1923 1048 non-

1272 1068 1435 1100 nullarum
1477 1067 1687 1101 eeclesiarum
1716 1068 1749 1100 in
1782 1068 1928 1111 partibus

1272 1121 1452 1154 infidelium
1494 1132 1570 1154 suae
1610 1122 1763 1155 ecclesiae
1808 1121 1929 1155 vicina-

1273 1186 1357 1215 rum,
1385 1173 1460 1208 371.

1183 1228 1289 1261 XXVI.
1318 1228 1527 1261 Confirmatio
1549 1227 1783 1273 suppressionis
1801 1227 1929 1262 Ordinis

1274 1282 1407 1314 fratrum
1441 1281 1487 1314 Ss.
1520 1281 1680 1314 Ambrosii
1710 1288 1741 1315 et.
1765 1282 1929 1316 Barnabae

1273 1334 1312 1367 ad
1332 1335 1467 1375 Nemus,
1496 1340 1527 1368 et
1559 1336 1677 1368 erectio
1701 1335 1832 1368 illorum
1859 1344 1928 1367 mo-

1272 1389 1485 1422 nasteriorum
1517 1389 1548 1421 in
1574 1388 1732 1422 beneficia
1759 1388 1926 1428 secularia,

1274 1441 1350 1474 372.

1185 1496 1305 1528 XXVII.
1335 1496 1542 1529 Confirmafio
1567 1495 1758 1529 concordiae
1776 1496 1862 1529 inter
1885 1506 1931 1529 re-

1274 1559 1344 1592 gem
1382 1549 1577 1582 catholicum
1603 1556 1634 1583 et
1659 1549 1781 1583 clerum
1815 1559 1930 1593 regno-

1274 1613 1345 1635 rum
1359 1602 1508 1637 Castellae
1521 1608 1552 1636 et
1568 1603 1714 1646 Legionis
1726 1603 1823 1636 initae
1835 1612 1932 1646 super

1275 1656 1418 1690 subsidio
1443 1661 1591 1690 incensato
1619 1662 1824 1700 nuncupato,
1851 1655 1926 1689 377.

1186 1710 1319 1743 XXVIII.
1340 1711 1437 1743 [treve
1455 1710 1486 1742 in
1508 1711 1646 1743 favorem
1665 1710 1743 1753 regii
1757 1715 1932 1743 conventus

1276 1764 1502 1797 Sanctissimae
1520 1764 1684 1796 Trinitatis
1701 1763 1814 1797 Montis
1828 1763 1929 1797 Pmcii

1277 1818 1316 1849 de
1342 1818 1438 1858 Urbe,
1467 1817 1603 1850 fratrum
1629 1817 1765 1850 Gallicae
1790 1816 1930 1850 nationis

1277 1871 1405 1905 Ordinis
1429 1871 1646 1911 Mfflimorum,
1677 1881 1815 1904 coronae
1833 1871 1932 1903 Fran-

1277 1924 1343 1957 ciae
1368 1923 1557 1958 naturaliter
1582 1924 1807 1963 subditorum,
1827 1922 1902 1956 386.

1188 1978 1289 2010 XXIX.
1305 1977 1511 2011 Confirmatio
1526 1978 1621 2011 trium
1637 1977 1841 2010 decretorum
1857 1976 1932 2010 Con-

1280 2030 1475 2073 gregationis
1500 2031 1580 2063 sacri
1606 2030 1736 2064 Coneilii
1755 2029 1933 2062 Tridentini

1277 2085 1316 2117 ad
1344 2085 1481 2116 savorem
1505 2084 1730 2127 episcoporum
1756 2088 1786 2117 et
1810 2082 1932 2116 archie-

1278 2137 1485 2181 piscoporum
1509 2137 1672 2177 Poloniac,
1699 2135 1774 2169 390.

1189 2190 1278 2223 XXX.
1307 2189 1476 2233 Deputatio
1501 2189 1611 2223 nuncii
1644 2189 1868 2232 Hispaniarum
1893 2189 1934 2222 ad

1279 2244 1474 2287 exigendum
1511 2245 1747 2287 eleemosynam
1783 2242 1870 2275 mille
1903 2248 1934 2275 et

1280 2298 1529 2341 quingentorum
1563 2302 1727 2330 scutorum
1761 2295 1933 2340 quotannis

1281 2351 1405 2384 ratione
1430 2350 1622 2383 extensioniS
1647 2350 1685 2382 ad
1710 2360 1862 2394 personas
1883 2359 1934 2382 cc-

1283 2404 1478 2437 clesiasticas
1509 2404 1666 2437 seculares
1698 2403 1859 2437 dumtaxat
1889 2404 1934 2436 fa-

1281 2457 1411 2489 cultatis
1436 2457 1584 2490 vescendi
1615 2457 1681 2491 ovis
1713 2463 1743 2489 et
1767 2454 1934 2489 lacticiniis

1280 2511 1311 2543 in
1337 2510 1577 2554 quadragesima
1611 2511 1717 2554 vigore
1750 2509 1931 2549 mutuatae,

1280 2574 1406 2596 necnon
1432 2574 1527 2597 omne
1552 2564 1582 2596 id
1604 2563 1689 2606 quod
1708 2563 1831 2596 ratione
1847 2571 1935 2605 prae-

1281 2617 1463 2652 cedentium
1496 2617 1719 2652 extensionum
1748 2613 1934 2650 huiusmodi

1182 695 1257 726 XIV.
