2107 3142
1 175 28 195 n.
47 166 74 194 C.
90 165 157 192 1648

4 492 92 522 ⁰9„¹'⁰S³2
107 496 155 512 eon·

0 524 52 540 uus.

9 2343 126 2369 Exordium.

762 163 970 188 tNNOCENTtL's
995 165 1014 187 X
1039 165 1085 187 rt).

170 211 201 244 in
224 209 422 254 philosophia
443 219 478 242 ac
506 210 663 253 theologia
689 216 718 243 et
742 211 839 244 sacris
859 222 906 244 ea-

169 263 302 297 nonibus
326 262 483 305 gradum-i,
509 273 570 295 non
596 263 737 296 obstante
761 264 844 307 quod
876 264 906 296 in

170 316 253 350 dieta
278 316 478 349 universitate
504 326 567 349 non
593 316 786 357 studuerint,
811 318 924 349 facul-1

171 375 273 409 tatem,
298 369 469 412 apostolica
494 369 669 409 autoritate,
689 374 795 402 tenore
820 380 906 413 prae-

171 423 314 465 sentium,
332 422 533 456 concedimus
551 428 580 456 et
598 423 804 466 impertimur.

215 476 230 519 ἓ
253 475 282 507 si.
307 476 375 509 Non
409 476 606 509 obstantibus
637 476 840 519 apostolicis,
873 487 908 509 ae

171 527 218 561 in*
235 528 462 561 universalibus
487 528 797 572 provincialibusque
814 534 843 561 et
860 539 903 573 sy-

170 581 335 614 nodalibus
360 581 500 614 conciliis
525 581 625 622 editis,
645 582 844 624 generalibus
861 583 925 616 velt

171 634 658 678 specialibus,constitutionibus
684 640 713 667 et
737 634 906 668 ordinatio-

170 687 273 728 nibus,
300 698 422 721 necnon
445 687 545 720 dictae
569 687 790 728 universitatis,
815 688 924 720 etiam'

170 740 356 781 iuramento,
381 740 618 773 confirmatione
642 740 813 783 apostolica
828 767 835 781 ,
861 742 907 773 rel

169 793 276 837 quavis
301 792 449 825 firmitate
473 792 532 826 alia
557 792 723 834 roboratis,
741 793 863 825 statutis
879 798 908 825 et

171 845 460 886 consuetudinibus,
474 844 646 888 privilegiis
660 856 797 890 quoque,
811 845 908 878 indul-

171 899 209 932 tis
219 904 249 932 et
264 899 376 932 litteris
385 898 567 942 apostolicis
575 898 607 931 in
617 899 809 932 contrarium
820 909 908 942 prac-
923 892 925 923 l

170 952 339 985 missorum
365 952 604 996 quomodolibet
627 952 805 993 concessis,
834 962 908 985 eon-

170 1005 303 1038 firmatis
328 1011 357 1038 et
381 1005 550 1046 innovatis3
576 1005 690 1049 quibus
715 1005 861 1038 omnibus
879 1011 908 1037 et

170 1058 312 1101 singulis,
337 1058 462 1091 illorum
479 1064 602 1091 tenores
619 1058 836 1102 praesentibus
850 1069 907 1102 pro
923 1044 925 1094 i

170 1111 261 1153 plene
275 1115 305 1142 et
322 1110 512 1142 sufficienter
524 1110 680 1153 expressis
701 1120 736 1142 ac
756 1109 793 1141 de
811 1109 907 1143 verbe

170 1163 208 1195 ad
227 1163 358 1195 verbum
375 1162 500 1195 insertis
525 1162 686 1204 habentes,
701 1162 761 1195 illis
778 1162 852 1195 alias
877 1162 907 1195 in

170 1226 227 1249 suo
240 1214 355 1249 robore
369 1215 597 1258 permansuris,
610 1215 646 1247 ad
658 1215 906 1258 praemissorum

170 1268 327 1309 effectum,
340 1268 399 1301 hac
414 1268 479 1301 rice
494 1268 666 1308 dumtaxat,
680 1268 857 1312 specialiter
878 1275 908 1301 et

170 1331 316 1366 expresse
336 1321 534 1365 derogamus,
552 1322 725 1365 ceterisque
743 1322 907 1355 contrariis

170 1375 429 1420 quibuscun‘ique.

213 1430 324 1462 Datum
348 1429 475 1469 Romae,
501 1429 584 1472 apud
608 1429 637 1463 S.
659 1429 787 1462 Mariam
813 1429 906 1463 Maio-

171 1494 249 1524 rem,
263 1483 320 1516 sub
342 1483 457 1516 annulo
475 1482 651 1522 Piscatoris,
674 1483 723 1515 die
750 1493 816 1516 xxn
848 1483 904 1516 de-

171 1537 309 1571 cembris
347 1546 510 1571 nncxevnt
527 1563 535 1577 ,
569 1536 769 1580 pontificatus
809 1537 907 1570 nostri

171 1601 253 1624 anno
270 1601 299 1623 v.

207 1655 268 1682 Dat.
284 1654 327 1681 die
342 1654 376 1681 :22
391 1653 543 1681 decembris
561 1653 638 1686 1648,
657 1653 751 1688 pontis.
770 1661 839 1680 anno
857 1660 880 1679 ν.

476 1822 590 1855 CXVIII
596 1848 602 1854 .

176 1911 385 1954 Confirmatio
427 1910 695 1944 constitutionum
735 1912 770 1943 [n
805 1911 910 1953 forma

217 1965 364 2009 specificat
397 1965 660 2008 Conqreglaliom's
685 1964 910 1997 ecclesiastico-

217 2029 292 2052 rum
316 2019 374 2051 sub
399 2018 598 2051 invocatione
623 2017 654 2051 S.
676 2017 768 2051 Petri
792 2009 928 2050 erectae

218 2074 411 2105 auctoritate
435 2071 607 2104 ordinaria
632 2071 668 2103 in
692 2071 822 2104 civitate
846 2070 911 2104 An-

219 2125 440 2169 yelopolilana
452 2124 471 2157 ².

368 2213 563 2240 Innocentius
586 2213 664 2246 Papa
683 2213 721 2245 X,

305 2259 342 2285 ad
357 2260 532 2292 perpetuam
552 2257 596 2297 rei
617 2257 797 2284 memoriam.

220 2338 410 2374 Universalis
435 2337 592 2372 Ecclesiae
616 2337 773 2381 regimini,
793 2338 912 2371 meritis

177 2393 248 2426 licet
272 2392 455 2437 imparibus,
469 2392 575 2425 divina
598 2391 803 2436 dispositione
823 2402 913 2436 prae-

214 2518 224 2543 1
249 2515 397 2551 Praeposit.
418 2516 450 2544 in
465 2524 513 2543 nos
532 2515 654 2543 addimus
670 2517 707 2552 (n.
722 2516 770 2548 12).

212 2559 228 2586 2
244 2559 281 2587 Ex
297 2560 403 2596 Regest.
418 2560 446 2590 in
459 2560 560 2589 Secret.
577 2559 652 2588 Brev.

940 212 1092 256 positi,att
1116 212 1183 255 pius
1208 211 1462 245 eliristifnlelium
1488 210 1671 254 praesertim

942 265 970 297 in
996 270 1111 297 sortem
1137 264 1259 297 Domini
1293 268 1472 298 vocatorum
1503 274 1675 306 congrega-

941 318 1050 357 tiones,
1075 328 1132 360 pro
1158 317 1339 350 exercendis
1362 317 1476 359 iugiter
1502 317 1625 361 pietatis
1647 322 1676 349 ct

941 371 1098 403 eharitatis
1127 370 1274 414 operibus
1306 370 1343 402 ad
1376 370 1597 413 omnipotentis
1623 370 1675 402 Dei

941 424 1073 466 gloriam
1105 428 1134 455 et
1167 423 1384 466 proximorum
1409 423 1548 456 solamen
1585 428 1676 466 atque

941 476 1190 509 aedificationem
1217 476 1390 516 institutas,
1420 481 1454 508 ut
1486 476 1677 509 felicioribus

943 530 971 561 in
995 529 1060 562 dies
1086 529 1251 572 proficiant
1276 529 1487 570 incrementis,
1510 529 1676 572 pastoralis

941 582 1034 615 officii
1059 582 1157 616 nostri
1185 582 1437 625 partesliljienter
1455 581 1677 621 convertimus,

941 641 971 668 et
996 646 1041 675 ea,
1066 646 1145 678 quae
1171 645 1227 678 pro
1254 634 1333 667 felici
1359 645 1468 667 eorum
1493 640 1573 667 statu
1598 645 1674 678 pro-

942 687 1009 720 vide
1034 689 1112 721 faeta
1137 688 1281 729 fuerunt,
1308 698 1369 731 quo
1399 688 1536 720 exactius
1564 687 1675 720 obser-

924 761 925 782 t
943 746 1060 782 rentur,
1086 743 1300 784 perpetuaque
1326 741 1430 774 robori
1449 741 1594 773 firmitate
1611 740 1679 773 sub-

923 784 1060 834 Tsistant,
1085 793 1274 837 apostolicae
1300 793 1548 826 confirmationis
1573 798 1679 836 patro-

942 847 1024 879 cinio
1044 847 1285 889 communimus,
1305 851 1397 890 prout
1417 847 1628 891 conspicimus
1646 846 1676 879 in

943 900 1075 933 Domino
1096 900 1262 933 salubriter
1281 900 1436 944 expedire.

986 953 1000 996 ἓ
1026 953 1054 985 l.
1080 953 1158 986 Sane
1178 964 1234 997 pro
1260 958 1346 997 parte
1371 953 1557 987 venerabilis
1574 953 1679 986 fratris

943 1006 1065 1039 loannis
1085 1007 1224 1051 episcopi
1259 1007 1509 1051 Angelopolitani
1535 1007 1565 1039 in
1585 1007 1679 1039 lntliis

942 1059 1192 1093 Occidentalibus
1232 1060 1321 1093 nobis
1360 1071 1460 1104 nuper
1503 1060 1678 1103 expositum

942 1113 1019 1154 suit,
1044 1114 1127 1157 quod
1163 1125 1220 1157 pro
1257 1115 1408 1157 regimine
1443 1119 1472 1146 et
1507 1114 1678 1147 directione

941 1167 1198 1210 Congregationis
1226 1168 1366 1200 virorum
1394 1168 1677 1200 ecclesiasticorum

941 1220 969 1254 S.
997 1220 1079 1253 Petri
1104 1226 1311 1263 nuncupatae,
1337 1221 1367 1252 in
1392 1220 1515 1254 ciritate
1538 1220 1676 1263 Angelo-

942 1274 1079 1316 politanfi
1096 1274 1234 1306 eiusdem
1261 1273 1383 1307 loannis
1410 1273 1549 1317 episcopi
1574 1278 1678 1306 aucto·

943 1327 1031 1360 ritate
1057 1333 1188 1367 erectae,
1215 1328 1339 1360 fuerunt
1359 1328 1455 1360 factae
1480 1327 1678 1360 constitutio-

942 1391 996 1414 nes
1022 1381 1138 1414 tenoris
1163 1382 1214 1424 qui
1241 1382 1393 1425 sequitur,
1420 1381 1571 1414 videlicet:

942 1488 1180 1516 constitutiones
1203 1488 1445 1522 congregationis
1467 1488 1496 1515 S.
1519 1487 1598 1515 Petri
1621 1494 1680 1514 ere-

978 1536 1044 1560 ctae
1065 1533 1095 1559 in
1116 1533 1240 1560 civitate
1266 1532 1301 1559 de
1322 1533 1351 1558 la
1372 1533 1482 1558 Puebla
1502 1532 1679 1565 Angelorum

979 1577 1161 1610 approbatae
1191 1584 1206 1603 a
1233 1576 1354 1603 Domino
1374 1576 1483 1602 Ioanne
1504 1576 1539 1602 de
1560 1575 1680 1602 Palafox

978 1624 1008 1648 et.
1028 1621 1179 1651 mendoza,
1193 1621 1244 1647 Dei
1259 1623 1290 1647 et.
1303 1620 1490 1653 Apostolicae
1512 1619 1596 1647 Sedis
1618 1626 1680 1653 qra-

979 1664 1022 1691 tia
1043 1664 1176 1691 eiusdem
1198 1664 1333 1691 civitatis
1354 1664 1502 1698 episcopo.

987 1752 1061 1785 Cum
1088 1752 1117 1784 iu
1143 1752 1199 1785 liae
1224 1752 1346 1785 civitate
1375 1752 1521 1794 illiusque
1545 1751 1679 1784 dioecesi

943 1805 1022 1837 adsit
1047 1815 1178 1847 magnus
1203 1815 1354 1837 numerus
1375 1805 1571 1837 sacerdotum
1598 1815 1681 1837 sccu-

945 1858 1068 1897 larium,
1086 1858 1137 1901 qui
1165 1858 1267 1890 rivere
1292 1858 1405 1890 debent
1423 1857 1452 1889 in
1471 1857 1630 1899 charitate,
1652 1863 1678 1890 et

946 1912 987 1943 uti
1014 1911 1155 1943 membra
1188 1911 1310 1944 Domini
1343 1911 1442 1943 nostri
1476 1911 1542 1942 lesu
1568 1911 1680 1943 Christi

946 1968 1089 1998 tenentur
1122 1964 1233 1997 maiori
1265 1964 1388 1997 vinculo
1423 1964 1461 1995 ad
1497 1964 1680 1996 servandam

945 2018 1124 2051 huiusmodi
1150 2018 1331 2050 charitatem
1357 2017 1397 2050 ob
1422 2017 1615 2051 altitudinem
1635 2028 1682 2051 eo-

946 2084 1014 2105 rum
1039 2078 1137 2105 status
1161 2078 1191 2105 ct
1216 2072 1436 2115 perfectionis,
1462 2076 1495 2104 ut
1527 2071 1681 2104 mediante

945 2125 1128 2159 eorumdem
1161 2125 1304 2158 doctrina
1337 2130 1366 2157 et,
1399 2125 1544 2168 exemplo
1574 2125 1681 2157 litii-tes

945 2180 1121 2222 dirigantur
1135 2179 1172 2212 ad
1190 2178 1414 2212 beatitudinem
1428 2179 1592 2212 caelestem
1611 2189 1682 2211 con-

946 2233 1148 2277 sequendam,
1170 2243 1304 2276 cumque
1330 2233 1435 2276 plures
1461 2243 1499 2265 ex
1520 2231 1611 2264 dictis
1635 2242 1681 2264 sa-

946 2286 1125 2318 cerdotibus
1162 2286 1220 2319 sint
1258 2295 1435 2329 pauperes,
1460 2295 1516 2317 nec
1548 2284 1682 2317 habeant

945 2338 1027 2371 unde
1052 2349 1084 2371 se
1109 2339 1274 2371 sustentari
1298 2338 1404 2382 possit,
1441 2337 1625 2381 praesertim
1651 2336 1681 2369 in

946 2392 1125 2425 infirmitate
1156 2392 1337 2432 constituti,
1368 2391 1438 2424 ideo
1470 2390 1681 2423 necessarium

946 2444 1091 2477 duximus
1106 2446 1228 2487 erigere
1241 2444 1521 2486 Congregationem
1541 2444 1681 2476 virorum

947 2498 1230 2532 ecclesiasticorum
1252 2508 1322 2531 cum
1340 2497 1546 2540 infrascriptis
1571 2497 1682 2530 eonsti-

948 2550 1130 2585 tutionibus.

1573 154 1635 187 &07
1682 162 1731 189 Au.
1753 161 1781 190 C.
1807 163 1872 190 teis

1721 966 1859 992 Supplicatio,
