2107 3142
35 175 84 206 Aa.
101 173 128 203 C.
150 173 215 204 1647

85 817 215 840 Conni-mano

37 845 122 867 daci-eti.

55 2279 59 2283 Δ
68 2253 177 2274 Decretum
196 2253 221 2274 ir-

44 2282 113 2302 ritans.

811 168 1018 197 introeamus
1043 170 1063 195 X
1087 169 1134 194 Pr.

229 220 363 266 pecunia
385 221 549 254 numerata
574 219 712 253 eiusdem
737 223 875 264 stampae
892 229 962 253 cum

223 273 422 319 ,consessione
447 273 635 317 receptionis
659 273 857 313 autlientiea;
883 278 912 305 et
931 278 965 305 ut

230 326 330 369 magis
343 326 502 369 negotium
518 330 577 360 tam
591 326 724 359 arduum
739 326 964 366 convalidetur,

230 380 368 414 decrevit
391 390 447 423 per
471 385 591 423 patrem
618 385 856 423 procuratorem
875 389 965 421 gene-

230 434 327 467 ralem
352 437 547 476 praesentem
565 433 796 476 impetrandum
812 443 878 465 esse
892 432 965 464 binc

230 486 268 519 ad
300 486 513 530 supradictum
548 490 670 530 tempus
695 486 830 519 Paschae
856 486 966 518 Resur-

230 539 380 573 rectionis
396 549 413 571 a
425 539 593 572 Sanctitate
607 539 729 571 Domini
750 538 853 571 Nostri
870 538 965 570 Breve

231 591 487 626 convalidationis
505 604 532 624 n.

468 671 502 704 D.
517 670 709 703 Tflssonouns
723 670 901 709 FANTONus,

451 724 566 764 abbas,
592 723 734 756 visitator
758 728 788 755 et
812 722 922 755 scriba.

276 806 291 847 5
322 803 351 837 3.
385 804 481 838 Nobis
505 809 673 848 propterea
701 803 782 837 idem
814 803 908 836 abbas
939 807 968 837 et

232 862 421 901 procurator
434 858 589 900 generalis
603 857 782 890 huiusmodi
797 857 967 901 supplicari

232 909 393 944 humiliter
407 911 488 951 fecit,
505 917 537 944 ut
549 911 709 944 decretum
727 911 967 955 praeinsertum,

233 974 295 1007 quo
318 963 441 997 firmius
466 963 613 997 subsistat
642 968 672 998 et
703 965 840 997 exactius
864 964 968 997 obser-

235 1022 332 1057 vetur,
356 1018 545 1061 apostolicae
570 1017 818 1051 confirmationis
842 1023 968 1050 nostrae

233 1071 407 1113 patrocinio
431 1072 628 1104 communire
641 1071 678 1104 de
693 1071 883 1114 benignitate
898 1081 968 1114 apo-

233 1124 344 1157 stolica
367 1124 578 1167 dignaremur.
605 1125 667 1157 Nos
692 1124 797 1167 igitur,
823 1124 967 1157 eumdem

234 1177 376 1210 abbatem
402 1183 431 1210 et
455 1183 692 1221 procuratorem
711 1179 889 1221 generalem
916 1179 970 1210 hu-

234 1231 369 1264 iusmodi
394 1231 582 1274 specialibus
613 1231 771 1264 favoribus
803 1236 832 1263 et
861 1232 969 1273 gratiis

235 1285 382 1328 prosequi
409 1286 557 1325 volentes,
580 1290 610 1317 et
635 1295 651 1317 a
671 1285 833 1328 quibusvis
850 1295 970 1318 excom-

235 1338 470 1379 municationis,
496 1339 710 1381 suspensionis
735 1343 766 1371 et
791 1339 968 1379 interdicti,

234 1390 364 1434 aliisque
389 1391 607 1424 ecclesiasticis
628 1392 804 1433 sententiis,
830 1393 970 1426 censuris

235 1449 264 1477 et
288 1443 414 1487 poenis,
441 1454 458 1476 a
484 1444 550 1477 iure
576 1445 622 1477 vel
648 1445 686 1477 ab
710 1445 969 1490 bomine,quaris

235 1497 398 1530 occasione
423 1497 469 1530 vel
490 1499 583 1530 causa
608 1498 686 1540 latis,
712 1499 736 1531 si
761 1499 875 1543 quibus
896 1512 970 1544 quo-

236 1550 406 1583 modolibet
430 1550 596 1584 innodatus
620 1551 733 1592 existit,
762 1552 799 1584 ad
825 1553 968 1586 effectum

236 1605 447 1648 praesentium
470 1604 629 1638 dumtaxat
645 1606 910 1650 consequendum,
921 1608 971 1640 lia·

236 1669 305 1691 rum
331 1659 411 1691 serie
435 1654 631 1692 absolventes
656 1665 685 1692 et
701 1660 879 1693 absolutum
904 1662 970 1693 sore

237 1717 416 1753 censentes,¹
432 1712 609 1745 huiusmodi
628 1713 906 1756 supplicationibus
928 1714 972 1746 in-

236 1765 349 1806 clinati,
364 1765 523 1798 decretum
540 1766 770 1810 praeinsertum
786 1777 855 1799 cum
875 1767 971 1799 omni-

235 1818 293 1851 bus
327 1824 357 1851 et
387 1819 518 1862 singulis
551 1819 579 1851 in
609 1830 647 1852 eo
679 1820 854 1860 contentis,
880 1820 971 1854 licitis

237 1875 338 1905 tamen
363 1877 393 1904 et
417 1872 565 1914 honestis,
583 1873 756 1916 apostolica
776 1874 970 1914 auctoritate,

237 1929 344 1959 tenore
367 1927 590 1970 praesentium,
622 1927 845 1960 confirmamus
869 1933 898 1960 ct
922 1938 971 1971 ap-

235 1979 426 2023 probamus,
449 1980 556 2024 illique
580 1980 766 2013 inviolabilis
782 1981 971 2024 apostolicae

236 2032 393 2067 firmitatis
417 2033 514 2067 robur
538 2034 723 2074 adiit-imus,
750 2044 786 2067 ac
810 2045 919 2067 omnes
943 2041 973 2067 et

237 2086 376 2129 singulos
405 2093 465 2119 tam
492 2088 568 2120 iuris
592 2098 684 2131 quam
709 2088 780 2121 sacti
813 2088 971 2129 defectus,

237 2139 261 2172 si
275 2139 328 2183 qui
341 2139 476 2184 desuper
487 2141 721 2183 quomodolibet
737 2141 971 2183 intervenerint,

237 2193 428 2237 supplemus.

281 2246 296 2290 ς
322 2246 350 2279 4.
379 2247 587 2280 Decernentes
618 2247 694 2281 illud
731 2259 765 2281 ac
791 2254 972 2292 praesentes

236 2298 355 2332 litteras
376 2300 486 2341 valida,
514 2300 605 2333 firma
630 2306 660 2333 et
684 2302 820 2335 efficacia
839 2302 973 2336 existere

238 2357 268 2384 ct
290 2352 368 2394 sore,
392 2363 528 2397 suosque
544 2354 701 2397 plenarios
719 2359 749 2387 et
772 2355 912 2397 integros
928 2356 971 2388 cf-

237 2405 335 2439 sectus
355 2407 460 2440 sortiri
485 2413 514 2440 et
539 2407 691 2448 obtinere,
716 2413 746 2441 et
769 2408 807 2441 ab
827 2409 981 2442 omnibus<

239 2463 269 2490 et
281 2459 421 2501 singulis,
434 2460 471 2493 ad
486 2471 565 2504 quos
582 2466 700 2505 spectat
716 2466 746 2494 et
760 2473 817 2506 pro
830 2467 973 2506 tempore
988 2481 991 2491 ·

239 2513 473 2554 quomodolibet
497 2515 647 2557 spectabit
671 2515 702 2547 in
727 2515 866 2548 futurum
882 2542 889 2556 ,
914 2517 971 2549 sub

239 2565 348 2608 poenis
372 2567 539 2610 praedictis
563 2568 782 2603 inviolabiliter
800 2569 972 2611 observari,

999 219 1106 261 sicque
1131 228 1188 261 per
1208 226 1426 261 quoscumque
1446 216 1563 249 iudices
1591 220 1620 249 et
1643 226 1732 249 com-

1000 271 1159 304 missarios
1202 271 1309 314 quavis
1348 270 1533 303 auctoritate
1570 269 1736 312 fungentes

1000 324 1129 356 iudicari
1148 329 1176 356 et
1194 323 1328 363 definiri,
1349 334 1384 355 ac
1404 323 1525 356 irritum
1545 328 1574 355 et
1591 322 1692 362 inane,
1710 321 1734 354 si

1000 388 1090 410 secus
1107 388 1202 420 super
1219 377 1267 409 his
1285 388 1301 408 a
1318 387 1486 419 quoquam,
1508 376 1616 419 quavis
1631 381 1736 408 auc-to-

1001 432 1099 472 ritatc,
1128 431 1261 463 scienter
1285 430 1332 463 vel
1358 430 1547 472 ignoranter,
1573 428 1734 471 contigerit

999 483 1152 517 attentari.

1044 537 1100 579 55.
1122 537 1188 569 Non
1209 535 1403 569 obstantibus
1419 535 1691 568 constitutionibus
1707 540 1734 568 et

1000 582 1248 622 ordinationibus
1265 588 1462 632 apostolicis,
1487 599 1522 620 ac
1547 588 1647 620 dictae
1664 598 1738 621 con-

1001 642 1207 684 gregationis,
1236 642 1329 673 etiam
1359 641 1545 681 iuramento,
1571 640 1737 673 confirma-

1002 695 1085 727 tione
1109 694 1292 738 apostolica,
1313 694 1362 726 vel
1381 693 1438 725 alia
1460 694 1568 736 quavis
1592 693 1739 726 firmitate

1002 747 1169 787 roboratis,
1187 747 1310 779 statutis
1328 750 1357 779 et
1374 745 1662 786 consuetudinibus,
1679 745 1740 789 pri-

1003 799 1123 841 vilegiis
1148 809 1294 842 quoque,
1320 798 1447 831 indultis
1472 804 1499 831 et
1525 799 1636 832 litteris
1666 809 1740 842 apo-

1002 854 1120 886 stolicis
1137 853 1237 885 eidem
1253 853 1500 895 congregationi,
1526 853 1671 897 illiusque
1693 863 1740 886 su-

1001 907 1198 950 perioribus,
1231 912 1259 938 et
1292 907 1453 950 quibusvis
1478 907 1642 950 personis,
1682 906 1739 940 sub

1001 960 1251 1003 quibuscumque
1269 961 1437 993 verborum
1451 961 1613 993 tenoribus
1631 966 1659 993 et
1675 961 1738 993 sor—

1004 1014 1074 1054 mis,
1104 1024 1139 1046 ac
1163 1024 1234 1046 cum
1260 1014 1422 1056 quibusvis
1447 1014 1539 1046 etiam
1567 1013 1735 1056 derogato-

1003 1068 1121 1099 riarum
1136 1067 1354 1109 derogatoriis,
1368 1067 1498 1110 aliisque
1512 1067 1740 1099 efficacioribus

995 1126 1031 1164 *et
1058 1120 1190 1153 insolitis
1226 1120 1390 1160 clausulis,
1423 1120 1682 1163 irritantibusque
1711 1125 1741 1152 et

1003 1174 1071 1206 aliis
1089 1174 1231 1215 decretis,
1250 1174 1280 1205 in
1305 1184 1419 1216 genere
1444 1174 1490 1206 vel
1514 1174 1544 1205 in
1569 1174 1683 1217 specie,
1710 1173 1740 1206 in

1003 1229 1195 1260 contrarium
1227 1228 1472 1271 praemissorum
1506 1228 1741 1271 quomodolibet

1000 1283 1169 1323 concessis,
1191 1282 1383 1315 confirmatis
1398 1288 1425 1315 et
1444 1282 1607 1321 innovatis:
1629 1282 1741 1326 quibus

1003 1336 1148 1369 omnibus
1174 1341 1203 1368 et
1227 1337 1368 1379 singulis,
1394 1337 1517 1369 illorum
1539 1337 1679 1369 omnium
1701 1343 1741 1369 te-

1003 1400 1095 1423 nores
1109 1391 1326 1434 praesentibus
1340 1402 1397 1434 pro
1408 1391 1497 1435 plene
1512 1391 1740 1424 ctsussicienter

1004 1444 1160 1487 expressis
1184 1444 1343 1486 babentes,
1365 1445 1424 1477 illis
1449 1445 1524 1476 alias
1549 1444 1579 1476 in
1600 1455 1656 1477 sno
1681 1455 1737 1478 ro-

1004 1498 1079 1530 bore
1104 1498 1326 1541 permansuris,
1341 1498 1378 1530 ad
1396 1498 1640 1541 praemissorum
1668 1489 1741 1531 effe-

1005 1558 1087 1584 ctum
1114 1552 1288 1595 specialiter
1314 1557 1343 1583 et
1364 1562 1509 1594 expresse
1534 1551 1739 1594 derogamus:

1004 1605 1178 1648 ceterisque
1199 1605 1364 1645 contrariis
1381 1605 1640 1648 quibuscumque.

1049 1659 1063 1701 g
1095 1659 1123 1690 ti.
1158 1659 1306 1691 Volumus
1340 1664 1464 1700 autem,
1498 1658 1581 1700 quod
1613 1659 1738 1691 eaedem

1006 1716 1184 1755 praesentes
1209 1716 1333 1745 nostrae
1357 1711 1478 1743 litterae
1500 1711 1529 1743 in
1550 1711 1695 1744 erunibus
1712 1717 1739 1744 et

1005 1766 1135 1808 singulis
1156 1765 1295 1797 eiusdem
1320 1765 1573 1808 congregationis
1599 1766 1741 1809 capitulis

1006 1818 1204 1861 generalibus
1229 1823 1257 1850 et
1282 1818 1383 1860 dietis,
1408 1828 1488 1861 quae
1516 1818 1553 1851 de
1574 1823 1677 1852 cetero
1695 1829 1741 1852 ce-

1006 1872 1121 1904 lebrari
1148 1876 1176 1905 et
1201 1871 1308 1904 baberi
1334 1872 1520 1914 contigerit,
1546 1873 1688 1914 legantur
1713 1876 1741 1905 el

1006 1926 1066 1968 legi
1091 1926 1238 1965 debcant,
1263 1925 1412 1969 quodque
1437 1926 1559 1957 illarum
1587 1931 1741 1958 trunsum·

1005 1980 1075 2023 ptis,
1101 1979 1192 2011 etiam
1219 1979 1390 2022 impressis,
1417 1990 1509 2011 manu
1531 1980 1662 2012 alicuius
1686 1990 1741 2013 no-

1007 2033 1074 2066 tarii
1102 2033 1218 2077 publici
1242 2033 1436 2076 subscriptis,
1461 2039 1490 2065 et
1515 2034 1617 2076 sigillo
1638 2045 1741 2077 perso-

1006 2098 1063 2119 nae
1089 2087 1118 2119 in
1143 2087 1292 2129 dignitate
1317 2087 1526 2119 ecclesiastica
1555 2087 1739 2120 constitutae

1007 2141 1143 2182 munitis,
1168 2141 1275 2173 eadem
1301 2152 1429 2184 prorsus·
1449 2141 1633 2173 :ulbibeatur
1654 2140 1741 2183 sides,

1006 2205 1084 2238 quae
1115 2194 1317 2227 adhiberetur
1350 2195 1422 2237 ipsis
1455 2194 1691 2237 praesentibus,
1716 2194 1740 2226 si

1006 2248 1107 2280 forent
1131 2248 1287 2281 exhibitae
1313 2248 1358 2280 rel
1384 2253 1534 2281 ostensae.

1051 2302 1160 2335 Datum
1177 2298 1316 2342 Romae,
1342 2301 1422 2345 apud
1451 2302 1479 2333 S.
1503 2300 1631 2333 Mariam
1653 2300 1744 2333 Maio-

1007 2365 1092 2395 rem,
1117 2355 1174 2388 sub
1194 2356 1309 2388 annulo
1335 2354 1521 2394 Piscatoris,
1547 2354 1596 2386 die
1620 2364 1663 2386 vn
1688 2365 1738 2387 se-

1006 2408 1157 2451 ptembris
1192 2418 1363 2450 MDCXLVII,
1403 2407 1601 2451 pontificatus
1643 2407 1742 2440 nostri

1006 2472 1087 2495 anno
1111 2471 1154 2494 ΙΙΙ.

1043 2524 1100 2552 Dat.
1117 2525 1160 2551 die
1175 2524 1188 2551 7
1205 2522 1367 2559 septembris
1385 2523 1462 2554 tow,
1484 2522 1577 2558 pontif.
1594 2531 1637 2550 an.
1655 2529 1692 2550 ιιι.

1632 157 1695 194 527
1740 168 1792 195 An.
1816 166 1844 195 c.
1867 166 1932 196 1647

1823 548 1935 569 Contrariis

1753 575 1846 601 dei-ogau.

1796 1666 1938 1691 'transumptis

1756 1692 1814 1713 credi
1829 1692 1922 1713 mandat.
