2107 3142
165 216 214 244 An.
233 215 261 243 c.
285 216 353 243 1645
398 205 463 239 372

197 1230 318 1250 Mandatum
328 1229 353 1249 dn

171 1257 238 1277 eninm
255 1257 355 1282 episcopi»

170 1290 204 1309 1⁸¹¹-
212 1283 272 1303 eii-lo.

173 1786 176 1788 q
200 1758 312 1779 Contraria
327 1758 357 1778 di-

173 1787 265 1805 tuentur.

366 263 528 304 Cireassia,
539 262 721 305 Memgrelia
731 267 761 294 et
769 261 901 295 Abbatia
911 261 1111 294 existentium

365 328 424 360 pro
450 316 544 349 officii
569 315 670 348 nostri
696 325 829 348 munere
861 320 1013 358 quantum
1039 325 1110 348 cum

366 369 499 402 Domino
528 379 698 412 possumus
717 368 886 411 providere
905 369 1054 409 volentes,
1076 378 1111 401 ac

366 423 405 455 de
430 422 633 455 fraternitatis
657 428 729 455 tuae
753 422 825 462 side,
849 422 1028 465 prudentia,
1053 422 1111 454 do-

366 476 466 509 ctrina
488 480 517 508 et
541 475 704 518 religionis
722 476 788 508 zelo
806 475 978 518 plurimum
1000 475 1031 507 in
1056 475 1112 508 Do—

366 528 452 560 mino
470 528 591 567 contisi,
604 528 643 560 de
660 527 886 560 venerabilium
905 528 1038 561 fratrum
1054 537 1112 560 no-

367 586 506 613 strorum
541 581 570 613 S.
603 582 637 613 R.
672 580 704 613 E.
738 580 946 613 cardinalium
978 581 1112 623 negocio

367 633 591 676 Propagandae
601 633 687 666 Fidei
702 633 956 676 praepositorum
969 623 1111 675 consilio,

367 686 423 718 tibi
448 697 568 728 curam,
589 687 732 729 regimen
753 692 783 718 et
807 686 1111 719 administrationem

368 739 552 772 earumdem
570 739 777 772 ecclesiarum
799 739 831 771 in
848 739 1068 783 spiritualibus
1084 744 1113 772 et

367 792 617 835 temporalibus,
642 803 714 825 cum
744 792 893 824 omnibus
927 797 957 825 et
981 792 1113 834 singulis

367 846 578 886 facultatibus,
596 845 783 878 auctoritate
804 850 834 878 et
858 849 1022 888 potestate,
1036 856 1114 888 quas

368 899 553 931 earumdem
575 899 781 931 ecclesiarum
803 898 945 942 episcopi
963 908 1022 942 pro
1040 902 1115 931 tem-

368 963 445 995 pore
470 953 638 985 existentes
655 952 693 984 de
718 952 787 984 iure
814 952 862 984 vel
887 944 1114 985 consuetudine

368 1005 487 1037 habere
511 1005 613 1038 solent
638 1010 668 1037 et
692 1009 836 1048 possunt,
850 1004 888 1036 ad
913 1009 1059 1037 nostrum
1086 1009 1116 1036 et

369 1058 456 1091 Sedis
470 1058 669 1101 Apostolicae
682 1057 925 1101 beneplacitum,
940 1057 1115 1101 apostolica

369 1112 573 1151 auctoritate,
598 1115 707 1144 tenore
731 1110 956 1154 praesentium,
972 1110 1116 1144 commit-

370 1164 464 1196 timus
489 1170 518 1196 ct
543 1163 780 1196 demandamus.

415 1218 429 1259 g
454 1217 483 1249 -2,
505 1216 686 1249 Mandantes
709 1221 880 1260 propterea
904 1216 1026 1248 dilectis
1043 1215 1116 1248 filiis

371 1271 456 1303 clero
481 1275 510 1302 et
534 1270 659 1313 populis
695 1269 855 1302 civitatum
881 1273 911 1302 et
934 1269 1116 1301 dioecesum

371 1324 577 1356 ecclesiarum
620 1323 825 1364 huiusmodi,
858 1323 1036 1366 ceterisque
1079 1322 1116 1354 ad

371 1388 450 1421 quos
475 1381 606 1420 spectat,
622 1382 657 1409 ut
681 1377 738 1408 tibi
756 1377 787 1408 in
812 1376 960 1408 omnibus
978 1376 1116 1408 osticium

371 1430 637 1463 administratoris
653 1429 837 1462 huiusmodi
854 1428 1119 1462 concernentibus

372 1490 402 1516 et
418 1494 499 1526 quae
516 1483 548 1515 in
569 1483 703 1515 Domino
721 1483 765 1514 eis
785 1482 963 1514 mandanda
980 1481 1118 1524 duxeris,

371 1541 502 1580 pareant
527 1542 557 1569 ct
581 1535 744 1576 obediant,
766 1535 907 1578 alioquin
932 1535 1118 1567 sententiam

372 1590 436 1622 sive
461 1599 617 1633 poenam,
644 1599 737 1632 quam
764 1588 824 1620 rite
847 1588 958 1620 tuleris
982 1598 1039 1620 scu
1063 1593 1121 1620 sta-

372 1643 471 1675 tueris
496 1642 528 1674 in
552 1642 706 1683 rebeum,
732 1641 885 1674 faciemus
910 1646 1040 1674 auctore
1064 1641 1121 1674 Do—

372 1697 459 1728 mino
480 1696 518 1728 ab
536 1696 684 1728 omnibus
705 1695 930 1728 inviolabiliter
946 1695 1118 1728 observari.

418 1750 432 1792 ξ
458 1748 487 1781 .3.
512 1750 582 1782 Non
614 1748 811 1781 obstantibus
841 1747 1120 1780 constitutionibus

374 1807 405 1834 et
418 1802 673 1834 ordinationibus
687 1801 879 1844 apostolicis,
898 1800 1120 1843 dicturumque

374 1855 591 1895 ecelesiarum,
617 1855 710 1887 etiam
736 1854 925 1893 iuramento,
951 1853 1121 1886 conlirma-

374 1909 459 1941 tione.
485 1908 668 1952 apostoliea,
686 1909 734 1940 vel
759 1907 868 1950 quavis
892 1907 1042 1939 firmitate
1061 1907 1121 1938 alia

374 1961 544 2001 roboratis,
559 1961 693 2000 statutis,
718 1960 1010 1999 eonsuetudinilnis,
1029 1959 1123 2002 privi-

375 2014 467 2056 legiis
492 2024 629 2057 quoque,
651 2013 780 2045 indultis
805 2019 834 2045 et
858 2012 971 2045 litteris
996 2017 1122 2056 aposto-

375 2068 444 2100 licis
461 2068 491 2099 in
509 2068 705 2100 eontrarium
724 2067 972 2110 praemissorum
994 2077 1123 2109 quomo-

377 2121 495 2154 dolibet
512 2120 680 2160 concessis,
698 2120 892 2153 confirmatis
909 2125 939 2152 et
956 2119 1121 2159 innovatis

377 2174 492 2217 quibus
514 2173 661 2206 omnibus
678 2179 708 2205 et
728 2173 870 2215 singulis,
889 2173 1016 2205 illorum
1034 2178 1122 2205 teno-

375 2237 427 2259 res
444 2226 664 2270 praesentibus
681 2236 740 2269 pro
757 2226 850 2269 plene
876 2230 906 2257 et
931 2225 1122 2258 sufficienter

376 2280 532 2323 expressis
557 2290 593 2311 ae
618 2279 656 2311 de
682 2279 777 2311 verbo
803 2279 841 2310 ad
866 2278 997 2310 verbum
1024 2278 1122 2310 inser—

377 2334 415 2365 tis
449 2333 623 2373 habentes,
649 2333 710 2364 illis
746 2332 821 2364 ati-:is
856 2332 887 2364 in
925 2342 982 2364 suo
1008 2332 1122 2365 robore

377 2386 607 2429 permansuris,
622 2386 659 2418 ad
685 2385 933 2429 praemissorum
960 2385 1122 2424 ell'ectum,

377 2440 434 2471 ba<-
454 2439 520 2471 viee
540 2438 711 2479 dumtaxat,
731 2438 909 2481 specialitm·
926 2443 956 2469 ct
976 2448 1123 2480 expresse

378 2492 586 2534 ‹lei-oganiusj.
605 2492 781 2536 ceterisque
806 2491 973 2524 contrariis
991 2490 1122 2533 quibus-

379 2556 525 2586 cumque,

422 2597 533 2629 Datum
560 2599 698 2639 Itomae,
723 2598 806 2641 apud
833 2598 862 2630 S.
888 2598 1038 2637 Petrum,
1064 2597 1122 2628 sul»

1137 2624 1140 2641 l

947 214 1125 237 BULLARIUM
1150 214 1304 238 ROMANUM

1146 263 1263 295 annulo
1277 263 1455 305 Piscatoris,
1470 263 1519 296 die
1538 274 1604 296 xxii
1619 263 1723 296 martii
1749 273 1888 305 κυεην,

1144 316 1350 360 pontificatus
1366 316 1467 349 nostri
1481 326 1562 350 anno
1580 327 1599 349 1.

1182 377 1240 404 Dat.
1259 377 1302 404 die
1322 376 1357 404 22
1372 377 1461 404 martii
1479 377 1557 410 1045,
1574 378 1669 413 pontif.
1690 386 1760 405 anno
1781 386 1800 404 1.

1462 520 1564 552 XXVI.

1150 609 1362 651 Confirmatio
1392 609 1633 653 suppressionis
1659 608 1795 642 Ordinis
1817 610 1890 652 fra-

1194 667 1281 695 trum
1305 663 1352 696 Ss.
1378 662 1547 696 Ambrosii
1582 666 1610 694 et
1646 662 1821 695 Barnabae
1850 662 1893 694 acl

1192 715 1325 755 Nemus,
1343 720 1371 748 et
1388 716 1501 748 erectio
1523 715 1659 747 illorum
1683 715 1894 748 monasterio-

1192 779 1267 801 rum
1291 769 1328 801 in
1353 767 1507 810 beneficia
1530 766 1727 800 secularia¹.

1327 848 1521 876 Innocentius
1543 848 1713 881 episcopus,

1345 899 1451 919 servus
1464 899 1619 919 servorum
1633 892 1696 924 Dei,

1271 937 1307 963 ad
1327 939 1505 970 perpetuam
1524 937 1568 963 rei
1591 936 1772 963 memoriam.

1195 1008 1210 1051 g
1234 1007 1264 1039 1.
1289 1006 1443 1045 Quoniam
1467 1011 1577 1039 nostro
1598 1005 1748 1049 pastorali
1774 1005 1897 1049 potissi-

1150 1071 1237 1093 mum
1263 1059 1418 1092 incumbit
1449 1059 1572 1101 officio,
1597 1064 1632 1091 ut
1657 1069 1708 1099 ea,
1733 1068 1814 1102 quae
1838 1069 1896 1102 per

1150 1114 1413 1158 praedecessores
1446 1118 1571 1146 nostros
1610 1113 1693 1146 eirca
1732 1113 1897 1155 regulares

1150 1177 1303 1211 personas
1320 1177 1337 1198 a
1353 1166 1550 1209 praescripta
1565 1166 1624 1198 sibi
1642 1165 1766 1198 vivendi
1783 1167 1898 1198 norma

1152 1227 1183 1254 et
1207 1231 1299 1253 verae
1323 1219 1449 1252 virtutis
1473 1219 1522 1251 via
1551 1219 1734 1252 aberrantes
1759 1219 1792 1251 in
1816 1218 1898 1251 desi-

1153 1273 1202 1306 die
1224 1273 1424 1315 aliorumque
1441 1272 1592 1304 vitiorum
1609 1271 1794 1315 praecipitia
1808 1270 1899 1304 foede

1152 1326 1328 1358 dilabentes
1357 1325 1451 1357 etiam
1475 1335 1533 1368 per
1556 1325 1639 1356 viam
1665 1324 1899 1368 suppressionis

1153 1382 1182 1411 et
1206 1377 1406 1410 extinctionis
1430 1376 1556 1410 Ordinis
1593 1377 1827 1420 praedictarum
1853 1387 1901 1409 re-

1152 1431 1311 1474 gularium
1336 1441 1558 1474 personarum,
1584 1430 1709 1463 casibus
1734 1430 1773 1464 ita
1799 1430 1901 1462 seren-

1153 1485 1250 1525 tibus,
1267 1484 1402 1528 proinde
1427 1484 1571 1516 ordinata
1596 1484 1739 1523 suerunt,
1757 1483 1898 1516 debitum

1152 1538 1248 1570 finem
1270 1537 1442 1570 sortiantur
1453 1536 1472 1569 ⁸³.

1198 1591 1212 1633 ἓ
1237 1590 1267 1623 02.
1295 1590 1419 1623 Dudum
1444 1589 1599 1632 siquidem
1631 1589 1729 1622 felicis
1752 1589 1901 1622 recorda-

1153 1644 1247 1677 tionis
1283 1644 1427 1677 Urbanus
1455 1644 1539 1687 Papa
1571 1643 1636 1675 Vlll
1672 1642 1900 1686 praedecessor

1153 1702 1261 1730 noster
1279 1698 1365 1740 (eum
1384 1697 1515 1730 dilectos
1535 1696 1617 1729 filios
1638 1697 1751 1729 fratres
1775 1696 1901 1729 Ordinis

1153 1751 1198 1784 Ss.
1236 1750 1396 1782 Barnabae
1434 1755 1464 1782 ct
1506 1749 1667 1782 Ambrosii
1706 1749 1743 1782 ad
1784 1750 1901 1782 Nemus

1154 1803 1352 1846 professores
1387 1812 1446 1835 nec
1480 1802 1729 1842 monitionibus,
1760 1811 1818 1834 nec
1842 1801 1902 1834 ob-

1155 1856 1394 1898 secrationibus,
1419 1862 1472 1887 ant
1495 1855 1748 1888 correctionibus
1773 1855 1901 1887 flectere

1154 1909 1316 1952 potuisset,
1342 1914 1377 1941 ut
1402 1909 1460 1951 ipsi
1481 1908 1620 1941 remedia
1645 1909 1795 1940 salutaria
1825 1908 1902 1940 reei-

1155 1967 1268 2005 perent
1292 1967 1322 1994 et
1345 1961 1438 1994 alicui
1472 1961 1576 1994 studio
1600 1961 1637 1993 ad
1664 1961 1821 1993 Ecclesiae
1846 1960 1900 1993 Dei

1156 2015 1321 2047 utilitatem
1340 2015 1571 2055 incumberent,
1586 2024 1622 2046 ac
1638 2015 1762 2046 futurae
1777 2013 1902 2046 virtutis

1157 2068 1230 2100 licet
1247 2067 1407 2100 diutinus³
1424 2071 1602 2110 expectatos
1627 2068 1748 2100 fructus
1779 2067 1825 2099 vel
1851 2066 1903 2099 ali-

1157 2121 1241 2163 quod
1266 2121 1428 2164 specimen
1454 2120 1666 2163 ostendercnt,
1680 2120 1734 2153 sed
1754 2120 1819 2152 sere.
1840 2130 1905 2153 om-

1156 2183 1212 2206 nes
1237 2173 1289 2206 Dei
1316 2174 1429 2206 timore
1461 2173 1638 2217 postposito
1668 2178 1699 2205 ct
1727 2183 1802 2206 suae
1826 2183 1902 2216 pro-

1156 2226 1300 2259 fessionis
1318 2227 1533 2266 immemores,
1554 2226 1618 2258 imo
1634 2232 1781 2259 votorum
1803 2231 1906 2258 trans-

1157 2279 1312 2321 gressioni
1328 2285 1480 2320 assuetos,
1491 2280 1520 2311 in
1535 2279 1727 2322 profundum
1746 2279 1903 2311 malorum

1157 2333 1218 2365 iam
1233 2343 1301 2365 esse
1315 2333 1462 2376 delapsos
1476 2332 1672 2375 accepisset),
1686 2331 1793 2364 habita
1808 2341 1905 2374 super

1191 2431 1203 2456 1
1228 2429 1264 2456 Ex
1286 2430 1393 2464 Regest.
1414 2429 1441 2455 in
1461 2429 1562 2455 Secret.
1580 2428 1656 2455 Brev.
1676 2444 1703 2446 ν*
1725 2427 1762 2454 De
1783 2427 1832 2454 bac
1847 2435 1905 2454 ma-

1157 2473 1223 2499 teria
1243 2473 1302 2499 vide
1318 2474 1410 2500 Const.
1426 2479 1519 2499 Dcccix
1537 2472 1635 2499 Urbani
1653 2472 1723 2504 t‘lll,
1743 2472 1903 2507 Quantum,

1157 2524 1202 2543 xm
1223 2517 1352 2544 februarii
1373 2524 1498 2549 nncxmv,
1519 2524 1611 2551 supra,
1633 2524 1694 2551 pag.
1715 2515 1777 2542 292.

1191 2562 1208 2587 ⁴2
1223 2561 1347 2596 Syntaxis
1362 2564 1453 2587 manet
1467 2560 1617 2586 inabsolur¹
1634 2561 1671 2594 (n.
1689 2561 1737 2593 Τ.).

1192 2606 1207 2631 i}
1228 2605 1297 2639 Lege
1318 2606 1429 2632 diutius
1449 2612 1485 2637 tlt.
1504 2613 1554 2637 1.).

1904 217 1953 242 An.
1970 215 1999 243 C.
2022 215 2091 244 1645

1938 1016 2079 1037 Prooemium.

1940 1597 2030 1620 Metin-
