2107 3142
0 220 48 247 .C.
71 219 132 246 ¹611

760 217 901 241 unssanns

153 272 182 300 et
206 267 243 299 ad
269 266 460 299 illudendum
486 266 583 298 saeris
604 265 715 298 litteris
740 271 766 298 et
793 265 903 308 pluri-1

152 319 211 352 mis
229 324 368 352 veterum
394 318 579 352 testimoniis
603 319 785 361 excogitata.

196 381 285 405 xxxV.
318 371 416 404 Omne
439 371 523 415 quod
558 371 623 413 agit
647 375 812 414 peccator,
840 371 903 420 νυΙ1

152 435 259 457 servus
284 425 414 467 peccati,
439 429 601 467 peccatum
630 429 685 456 est.

195 487 300 511 xxxw.
317 479 414 510 Amor
440 477 601 517 naturalis,
628 477 680 520 qui
711 488 744 509 ex
768 476 885 508 viribus

150 535 280 562 naturae
297 529 448 569 exoritur,
465 539 501 562 ex
519 530 584 561 sola
600 528 810 572 philosophia⁷
830 539 886 570 per
902 535 903 551 ἰ

151 582 315 615 elationem
341 581 602 625 praesumptionis
627 581 790 621 humanae,
815 591 903 622 cum¹

152 635 264 668 iniuria
280 635 383 668 crucis
399 634 512 668 Christi
530 634 705 667 defenditur
722 644 738 666 a
756 635 886 666 nonnul·
902 663 903 666 ,

151 689 188 721 lis
212 688 403 721 doctoribus.

195 751 310 775 xxxvn.
335 742 411 774 Cum
444 741 567 783 Pelagio
597 740 708 779 sentit,
735 741 787 783 qui
812 740 885 773 boui

150 794 267 838 aliquid
290 793 449 834 naturalis,
474 794 534 826 hoc
554 798 616 833 est,
641 793 724 836 quod
742 803 776 825 ex
802 799 887 825 natu-

151 857 204 879 rae
218 846 292 880 solis
305 846 422 879 viribus
441 851 545 879 ortum
559 845 653 886 ducit,
668 846 818 888 agnoscit.

194 909 322 933 xxxvnt.
351 898 457 932 Omnis
484 909 573 932 amor
601 904 765 932 creaturae
794 899 888 932 ratio-

151 953 239 993 nalis,
256 957 309 985 aut
329 952 429 986 otiosa
453 958 499 985 est
523 951 685 996 cupiditas,
711 962 772 995 qua
802 962 887 985 mun-

151 1005 208 1038 dus
233 1005 384 1048 diligitur,
405 1016 484 1048 quae
508 1017 525 1038 a
550 1006 664 1038 Ioanne
689 1005 886 1048 prohibetur,

151 1064 204 1091 aut
227 1058 392 1091 laudabilis
416 1058 468 1091 illa
492 1058 645 1098 ebaritas,
665 1068 726 1101 qua
749 1069 806 1101 per
824 1058 887 1101 spi-

152 1111 247 1144 ritum
271 1111 419 1145 Sanctum
444 1111 476 1144 in
501 1111 595 1144 corde
620 1111 732 1144 diffusa
753 1112 834 1144 Deus
860 1122 887 1142 a-

152 1168 262 1199 matur.

196 1227 299 1251 xxxtx.
325 1217 412 1256 Ouod
440 1217 614 1250 voluntarie
638 1217 682 1259 su,
700 1218 820 1250 etiamsi
839 1228 887 1249 ue-

151 1270 286 1303 cessario
306 1270 369 1311 fiat,
390 1270 487 1303 libere
513 1273 615 1304 tamen
639 1270 681 1302 tit.

195 1334 244 1357 xL.
269 1324 302 1356 In
327 1323 473 1356 omnibus
498 1323 561 1356 suis
590 1323 710 1356 actibus
741 1327 887 1367 peccator

151 1376 249 1410 servit
268 1376 440 1410 dominanti
457 1376 628 1420 cupiditati.

196 1439 255 1463 xm.
281 1430 308 1462 ls
327 1429 480 1462 libertatis
504 1429 626 1470 modus,
644 1430 696 1473 qui
721 1435 767 1462 est
791 1441 807 1462 a
832 1441 885 1462 ne-

151 1483 310 1523 cessitate,
335 1483 392 1517 sub
417 1483 568 1516 libertatis
598 1483 725 1516 nomine
756 1494 817 1516 non
838 1495 885 1515 re-

152 1536 272 1580 peritur
296 1536 327 1569 in
352 1536 538 1580 Scripturas,
569 1536 623 1569 sed
647 1537 747 1570 solum
773 1547 886 1569 nomen

151 1590 303 1623 libertatis
323 1601 340 1622 a
358 1595 495 1633 peccato.

195 1653 266 1676 an.
291 1643 420 1683 Iustitia,
438 1654 498 1686 qua
516 1643 701 1676 iustificatur
721 1655 776 1686 per
794 1643 885 1675 tidem

151 1697 275 1740 impius,
301 1696 442 1729 consistit
465 1696 638 1729 formaliter
663 1696 694 1728 in
711 1696 886 1729 obedientia

151 1749 388 1789 mandatorum,
414 1760 493 1792 quae
518 1754 565 1782 est
596 1760 727 1793 operum
761 1749 885 1790 iustitia,

151 1813 213 1836 non
231 1807 334 1835 autern
352 1802 383 1834 in
399 1803 499 1845 gratia
516 1803 620 1845 aliqua
637 1802 759 1834 animae
776 1802 886 1842 infusa,

151 1866 212 1899 qua
236 1855 403 1899 adoptatur
421 1856 515 1888 hoino
533 1855 563 1887 iu
588 1855 689 1887 silium
715 1855 768 1888 Dei
793 1861 822 1888 et
839 1867 886 1888 se-

151 1909 288 1942 cundum
313 1908 493 1941 interiorem
527 1909 687 1941 hominem
719 1915 887 1942 renovatur

151 1973 186 1995 ac
210 1962 332 1994 divinae
355 1965 485 1995 naturae
514 1972 643 1994 consors
675 1961 830 2001 eflicitur,
856 1966 888 1995 ut

151 2015 195 2047 sic
218 2025 274 2058 per
297 2014 449 2058 Spiritum
475 2014 622 2046 Sanctum
644 2019 810 2046 renovatus
839 2014 887 2046 de-

150 2068 257 2111 inceps
281 2067 360 2100 bene
383 2067 486 2100 vivere
510 2074 540 2099 et
560 2067 613 2100 Dei
640 2067 793 2100 mandatis
818 2067 887 2100 obe-

151 2120 218 2153 dire
242 2121 350 2164 possit.

196 2184 280 2208 xL111.
306 2174 340 2207 In
357 2173 551 2207 hominibus·
568 2173 800 2216 poenitentibus
818 2179 886 2205 ante

151 2232 381 2261 sacramentum
402 2226 617 2268 absolutionis,
637 2232 666 2259 et
691 2227 720 2259 in
746 2227 887 2259 catechu-

151 2281 251 2314 menis
271 2285 342 2313 ante
365 2279 557 2323 baptismum
578 2284 624 2312 est
650 2290 720 2312 vcra
739 2280 886 2312 iustifica-

152 2334 205 2374 tio,
230 2338 373 2378 separata
405 2338 506 2366 tamen
531 2344 547 2366 a
572 2333 757 2366 remissione
782 2344 887 2376 peeca—

152 2392 266 2420 torum.

196 2450 278 2474 XMV.
304 2440 460 2486 Operibus
483 2441 652 2484 plerisque,
678 2451 757 2484 quae
783 2451 799 2473 a
816 2440 887 2473 tide-

186 2566 199 2592 1
222 2565 250 2592 ln
270 2565 328 2593 loco
347 2566 476 2602 parallelo
496 2566 593 2603 legitur
617 2566 748 2594 omnibus
767 2575 816 2601 pro
835 2567 886 2593 lto-

151 2610 279 2638 mim‘bus
296 2610 392 2646 (nm).

930 218 980 240 »ιιι
1007 218 1054 241 rr.

920 265 1000 296 libus
1032 264 1111 296 fiunt
1144 265 1245 297 soluin
1280 270 1311 297 ut
1343 264 1396 297 Dei
1430 263 1582 295 mandatis
1606 274 1655 305 pa-

902 322 1027 358 ¹reant,
1053 317 1228 349 cuiusmodi
1254 322 1325 349 sunt
1357 316 1485 350 obedire
1518 316 1655 359 parenti-

919 370 997 409 bus⁷
1024 369 1199 412 depositum
1225 370 1370 409 reddere,
1395 369 1434 403 ab
1466 368 1654 407 homicidio,

902 433 935 454 =a
961 423 1054 462 furto,
1082 434 1098 454 a
1124 423 1328 455 fornicatione
1352 423 1518 462 abstinere,
1542 422 1654 455 iustifi-

920 480 1029 507 cantur
1049 475 1175 517 quiden]
1202 475 1362 514 liouiines,
1387 476 1459 518 quia
1483 480 1554 508 sunt
1578 475 1655 517 legis

919 527 1094 560 obedientia
1119 532 1148 559 et
1174 538 1245 559 vera
1270 527 1346 569 legis
1368 528 1492 567 iustitia,
1517 537 1579 561 non
1604 532 1651 559 ta-

920 590 990 612 men
1009 580 1045 611 iis
1063 579 1202 612 obtinent
1220 579 1413 612 incrementa
1431 580 1590 612 virtutum.

964 643 1034 665 xix.
1046 632 1239 665 Sacrificium
1256 632 1367 665 missae
1384 643 1445 665 non
1463 633 1521 665 alia
1536 633 1654 665 ratione

921 690 965 717 est
983 685 1190 724 sacrificium,
1215 696 1309 728 quam
1335 686 1473 727 generali
1498 685 1569 724 illa,
1594 697 1655 728 qua

921 749 1013 771 oinne
1027 750 1116 782 opus,
1135 739 1217 782 quod
1238 738 1281 780 tit7
1300 737 1355 770 tit¹
1381 744 1414 771 ut
1435 740 1540 771 sancta
1560 739 1655 771 socie-

923 797 982 824 tate
1001 792 1063 824 Deo
1082 792 1179 824 homo
1198 791 1366 824 inhaereat.

967 855 1046 878 xtw.
1073 844 1118 877 Ad
1139 845 1291 877 rationem
1310 850 1338 877 et
1358 844 1569 877 definitionem
1589 855 1655 887 pee-

921 898 980 931 cati
1004 908 1067 931 non
1092 898 1227 940 pertinet
1252 897 1478 938 voluntarium,
1502 908 1559 929 nec
1583 897 1655 929 deti-

921 951 1049 984 nitionis
1073 951 1215 994 quaestio
1240 956 1300 990 est,
1326 951 1378 982 sed
1404 961 1516 983 causae
1536 956 1565 982 et
1585 951 1655 983 ori—

921 1005 1013 1047 ginis,
1036 1010 1142 1036 utrum
1159 1014 1250 1037 omne
1270 1009 1430 1047 peceatum
1455 1004 1564 1036 debeat
1588 1014 1655 1036 esse

922 1057 1149 1093 voluntarium;

964 1121 1060 1144 XLvtl.
1087 1111 1172 1143 l'nde
1190 1116 1352 1154 peceatum
1370 1111 1501 1153 originis
1520 1121 1590 1143 vere
1607 1111 1656 1143 lia-

902 1160 904 1168 ⁴
921 1164 971 1196 bet
985 1164 1136 1197 rationem
1156 1164 1272 1206 peceati
1293 1164 1357 1195 sine
1373 1164 1435 1195 ulla
1454 1163 1602 1196 relatione
1621 1174 1654 1195 ar

921 1221 1064 1260 respectu
1088 1216 1125 1249 ad
1155 1217 1344 1249 voluntatem
1372 1227 1387 1248 a
1417 1228 1477 1260 qua
1501 1216 1654 1259 originem

921 1270 1038 1303 babuit.

965 1333 1069 1356 vant.
1098 1324 1260 1355 Peccatum
1287 1323 1417 1365 originis
1436 1326 1481 1356 est
1506 1322 1655 1355 habituali

902 1386 904 1391 ’
924 1377 1044 1419 parvuli
1060 1377 1217 1410 voluntate
1235 1376 1454 1410 voluntarium,
1475 1381 1504 1408 et
1521 1375 1658 1407 habitua-

921 1429 991 1462 liter
1003 1429 1182 1462 dominatur
1196 1430 1336 1472 parvulo,
1351 1428 1481 1471 eoquod
1502 1439 1562 1461 non
1576 1428 1655 1471 gerit

920 1483 1112 1516 eontrarium
1136 1482 1301 1515 voluntatis
1318 1482 1481 1515 arbitrium
1497 1494 1501 1514 z

966 1546 1045 1569 xtlx.
1073 1536 1109 1567 Et
1133 1546 1169 1568 ex
1198 1535 1346 1567 habituali
1376 1535 1533 1567 voluntate
1561 1535 1645 1567 «lomi

920 1594 1012 1621 nante
1029 1590 1071 1629 tu,
1087 1594 1117 1621 ut
1145 1588 1292 1632 parvulus
1317 1587 1498 1620 diseedens³
1523 1588 1588 1620 sine
1613 1599 1657 1619 re-

921 1642 1131 1684 generationis
1163 1647 1381 1680 saeramento,
1411 1641 1534 1683 quando
1566 1636 1655 1673 usum

922 1695 1050 1727 rationis
1067 1699 1277 1737 consequutus
1297 1694 1365 1734 erit,
1381 1693 1542 1727 actualiter
1559 1694 1655 1726 Deum

921 1749 993 1781 odio
1014 1748 1141 1787 habeat,
1157 1748 1253 1780 Deum
1273 1747 1465 1790 blasphemet
1483 1752 1509 1779 et
1530 1747 1590 1789 legi
1604 1747 1656 1779 Dei

922 1805 1075 1845 repugnet
1085 1802 1104 1833 ³.

966 1866 991 1888 L.
1019 1856 1115 1888 Prava
1137 1855 1311 1895 desideria,
1344 1854 1457 1897 quibus
1487 1855 1565 1887 ratio
1597 1865 1657 1887 non

922 1910 1086 1949 consentit7
1112 1914 1141 1940 et
1166 1919 1245 1951 quae
1271 1909 1366 1941 liomo
1392 1909 1504 1941 invitus
1534 1909 1657 1951 patitur,

922 1966 993 1993 sunt
1024 1961 1181 2004 prohibita
1210 1966 1376 2004 praecepto
1405 1962 1475 1994 Non
1508 1961 1657 2004 ποια-κρέ-

922 2025 994 2047 sees,

967 2078 1004 2101 ιΛ.
1031 2068 1303 2111 Concupiscentia,
1330 2067 1394 2100 sive
1423 2068 1469 2100 lex
1501 2068 1656 2100 membro-

922 2132 1002 2161 rum,
1022 2128 1049 2154 et
1065 2132 1159 2165 prava
1184 2122 1251 2153 eius
1275 2121 1442 2161 desideria,
1472 2132 1551 2163 quae
1572 2120 1656 2153 inriti

922 2175 1058 2207 sentiunt
1083 2174 1236 2211 homines,
1258 2179 1329 2206 suut
1355 2184 1426 2206 vera
1452 2174 1528 2216 legis
1555 2174 1658 2206 inobe-

922 2227 1046 2260 dientia.

967 2291 1016 2313 1111.
1043 2280 1140 2313 Omne
1166 2281 1266 2312 scelus
1291 2285 1336 2312 est.
1360 2280 1427 2312 eius
1451 2279 1655 2319 conditionis,

923 2340 955 2367 ut
980 2345 1069 2367 suuni
1095 2339 1255 2366 auctorem
1281 2336 1309 2366 et
1330 2343 1438 2365 omnes
1458 2337 1600 2375 posteros
1620 2341 1657 2363 eo

960 2434 968 2457 t
993 2431 1108 2458 Verbum
1125 2431 1157 2465 sil
1174 2438 1226 2456 uon
1243 2430 1354 2456 iteratur
1369 2429 1394 2455 in
1407 2428 1512 2455 constit.
1530 2426 1657 2462 parallela

921 2475 1040 2510 Gregorii
1063 2475 1120 2501 xlll
1141 2477 1180 2508 (n.
1196 2474 1243 2507 vr.).

956 2520 971 2546 2
992 2521 1062 2547 Male
1082 2520 1146 2546 edit.
1168 2519 1245 2545 lllain.
1269 2518 1348 2544 habet
1367 2516 1539 2549 discendens;
1557 2517 1583 2543 in
1598 2517 1657 2544 loco

922 2564 1050 2600 parallelo
1070 2564 1158 2599 aptius
1179 2563 1275 2598 legitur
1294 2561 1426 2588 decedens
1448 2561 1483 2595 (n.
1500 2560 1547 2594 T.).

955 2608 972 2635 3
991 2608 1058 2636 Male
1078 2607 1141 2636 edit.
1158 2607 1241 2635 Main.
1259 2606 1340 2634 habet
1356 2606 1501 2641 impnqnet
1515 2605 1553 2641 (R.
1567 2608 1615 2639 Τ.).

1586 205 1627 239 95
1674 216 1721 239 An.
1733 214 1761 238 (j.
1788 213 1846 240 tfitt
