2107 3142
0 228 53 261 An.
69 226 97 253 C.
119 225 184 254 1641

806 227 948 252 URBANUS
966 227 1022 251 VIII
1042 228 1088 251 Pr.

202 278 231 307 et
254 273 376 317 singula
399 277 477 314 acta,
501 273 636 315 decreta,
661 278 781 318 statuta,
807 275 937 315 indulta,

202 327 429 369 concessiones,
455 327 677 369 ordinationes,
702 327 938 369 declarationes,

202 378 385 412 concordias
411 386 438 413 et
464 386 565 424 pacta,
593 381 686 414 etiam
711 381 838 414 nomine
862 381 939 413 eius-

201 431 272 465 dem
296 432 383 465 Sedis
407 433 604 476 Apostolicae
629 434 714 474 inita,
732 426 956 467 venditiones-l

202 495 263 530 que
287 490 317 518 et
348 485 552 519 alienationes
582 486 758 520 officiorum
789 486 938 518 aliorum-

201 547 262 580 que
275 537 414 571 eiusdem
432 538 519 571 Sedis
537 539 664 580 iurium,
678 544 707 572 et
723 549 939 582 quascumque

201 590 277 623 alias
305 591 548 635 dispositiones,
580 602 779 635 quocumque
812 592 939 624 nomine

200 649 388 687 nuncupata,
407 644 508 677 eidem
530 644 600 677 Sedi
618 644 814 688 Apostolicae
831 645 941 677 Roma-

201 706 320 740 naeque
337 697 504 739 Ecclesiae,
524 708 578 730 seu
602 697 853 741 quibuscumque
871 697 939 729 aliis

201 750 341 783 ecclesiis
366 755 396 783 et
419 750 496 784 locis
520 750 589 793 piis,
614 760 649 783 ac
673 751 818 793 personis
843 750 939 783 eccle-

202 802 344 843 siasticis,
368 814 422 837 seu
450 803 658 836 iurisdictioni
682 803 729 836 vel
751 803 938 835 immunitati

201 859 254 888 aut
282 855 417 888 libertati
447 856 675 889 ecclesiasticae
703 855 939 899 quomodolibet

200 908 436 951 praeiudicialia
460 914 489 942 et
513 908 761 953 praeiudiciales,
782 919 799 941 a
815 908 940 952 quibus-

201 972 337 1006 cumque
362 961 488 1005 legatis,
513 962 606 995 etiam
637 961 675 995 de
706 962 820 1002 latere,
845 961 937 994 etiam

201 1019 324 1049 sanctae
348 1015 506 1049 Romanae
530 1016 686 1049 Ecclesiae
710 1015 937 1056 cardinalibus,

201 1069 345 1111 nunciis,
372 1079 426 1102 seu
458 1069 526 1102 aliis
557 1069 708 1103 ministris
739 1068 938 1112 apostolicis,

202 1132 406 1165 cameraeque
435 1122 623 1165 apostolicae
648 1128 677 1155 et
702 1122 859 1155 Romanae
883 1132 938 1154 cu-

201 1174 265 1207 riae
286 1175 470 1208 officialibus
487 1181 516 1208 et
537 1175 698 1216 ministris,
725 1175 817 1208 etiam
843 1175 939 1208 cardi-

201 1227 333 1267 nalibus,
359 1228 621 1260 vicecancellariis
643 1233 673 1261 et
696 1228 888 1268 camerariis,
911 1232 940 1262 et

200 1281 372 1324 respective
402 1281 576 1314 rectoribus
600 1287 629 1314 et
654 1281 938 1324 gubernatoribus,

201 1333 401 1375 feudatariis,
427 1334 597 1367 baronibus
622 1340 652 1367 et
676 1335 789 1367 ceteris
813 1334 938 1367 iurisdi-

201 1387 335 1421 ctionem
353 1387 591 1431 quomodolibet
610 1389 838 1428 exercentibus,
855 1388 938 1420 aliis-

200 1450 260 1484 que
284 1441 440 1484 praesatis,
455 1441 684 1485 quantumlibet
704 1441 890 1485 qualificatis
911 1447 940 1474 et

201 1493 360 1526 individua
378 1494 578 1538 expressione
599 1494 712 1537 dignis,
728 1494 939 1537 quandocum-

201 1556 273 1591 que,
297 1547 567 1591 qualitercumque
586 1553 615 1580 et
634 1547 939 1591 quomodocumque,

201 1605 326 1645 praeter
353 1601 400 1634 vel
421 1607 529 1634 contra
550 1601 711 1633 facultates
733 1601 777 1633 eis
805 1611 935 1634 conces-

202 1665 268 1695 sas,
294 1654 372 1687 facta
396 1660 426 1687 et
458 1660 560 1697 gesta,
587 1654 744 1698 saetasque
769 1660 797 1687 et
827 1659 939 1697 gestas,

202 1712 254 1741 aut
270 1708 344 1740 alias
365 1708 475 1751 quovis
500 1707 593 1741 modo
618 1707 656 1740 ab
681 1708 724 1740 eis
749 1714 889 1740 emanata
911 1713 940 1740 et

202 1765 360 1793 emanatas
394 1761 564 1802 hactenus,
596 1761 688 1793 etiam
722 1771 777 1804 per
812 1761 938 1794 modum

202 1813 316 1854 edicti,
340 1813 569 1853 declarationis,
595 1814 835 1854 constitutionis,
861 1824 935 1858 pra-

202 1867 364 1910 gmaticae,
389 1867 631 1908 reformationis,
653 1877 687 1899 ac
706 1867 938 1910 prohibitionis,

202 1921 294 1953 etiam
323 1921 498 1963 generalis,
524 1931 559 1953 ac
584 1921 658 1953 alias
683 1920 939 1965 quomodolibet,

201 1974 294 2007 etiam
320 1985 390 2007 cum
415 1975 576 2014 clausula,
600 1974 689 2007 salvo
709 1973 759 2008 vel
782 1978 940 2008 reservato

202 2027 292 2061 Sectis
304 2027 509 2071 Apostolicae
524 2028 731 2071 heneplacito,
746 2028 793 2060 vel
812 2028 940 2061 sortasse

202 2081 294 2114 etiam
320 2092 390 2114 cum
417 2081 586 2114 intentione
614 2081 684 2114 data
717 2082 762 2114 vel
800 2082 937 2125 promis-

203 2133 290 2167 sione
320 2134 411 2167 etiam
447 2134 528 2167 facta
564 2134 639 2166 illud
671 2134 708 2166 ab
741 2135 797 2167 liae
829 2135 938 2168 Sancta

203 2187 291 2227 Sede,
316 2197 370 2220 seu
395 2197 411 2219 a
435 2187 576 2220 Romano
596 2188 754 2228 Pontifice,
775 2193 827 2220 aut
847 2189 938 2220 etiam

204 2250 221 2272 a
237 2240 328 2274 nobis
348 2240 547 2284 impetrandi,
564 2240 656 2273 etiam
683 2252 753 2274 cum
774 2243 940 2285 praetensa

204 2293 328 2327 illarum
349 2294 559 2338 exequutione
579 2298 607 2327 et
627 2294 824 2326 observantia
846 2304 941 2338 quan-

205 2347 347 2381 tumlibet
370 2347 564 2390 longissima,
582 2358 616 2380 ac
634 2347 701 2380 aliis
723 2347 792 2380 inde
813 2358 941 2390 quomo-

205 2398 322 2433 dolibet
346 2401 485 2443 sequutis
509 2400 771 2444 quibuscumque,
793 2401 885 2433 etiam
911 2400 940 2433 in

204 2453 354 2494 savorem,
379 2464 433 2487 seu
459 2454 580 2493 intuitu,
606 2454 654 2487 vel
679 2454 940 2498 contemplatione

206 2505 421 2550 imperatoris,
447 2518 573 2550 regum,
598 2507 794 2550 aliorumque
824 2507 940 2550 princi-

205 2570 279 2602 pum
302 2560 393 2592 etiam
415 2571 647 2604 supremorum,
665 2560 756 2593 etiam
777 2560 940 2600 laicorum,

206 2612 386 2655 nationum,
410 2613 718 2658 rerumpublicarum
734 2640 741 2654 ,
765 2613 956 2657 provincia—⁴

972 285 1053 315 rum,
1078 285 1260 318 regnorum,
1286 276 1482 320 aliorumque
1506 276 1707 310 dominorum

973 332 1003 359 et
1027 327 1205 361 officialium
1232 340 1514 373 quorumcumque,
1535 330 1582 362 vel
1607 330 1709 362 civita-

973 385 1049 421 tum,
1071 381 1320 422 universitatum,
1341 382 1433 415 etiam
1458 382 1633 416 studiorum
1659 393 1709 426 ge-

972 432 1137 473 neralium,
1159 434 1374 477 collegiorum,
1396 435 1634 479 religionumve,
1655 446 1707 468 seu

974 484 1178 526 militiarum,
1210 487 1411 520 ecclesiarum
1441 494 1470 520 et
1498 488 1705 521 monasterio-

974 548 1044 570 rum
1069 549 1342 583 quorumcumque
1366 540 1530 581 ordInum,
1556 541 1603 574 vel
1632 541 1708 574 alio-

975 601 1043 623 rum
1069 592 1265 634 quorumvis,
1289 593 1381 624 etiam
1414 594 1540 636 speciali
1566 596 1638 626 nota
1663 594 1708 626 di-

974 653 1121 685 gnorum,
1133 654 1168 676 ex
1183 655 1380 688 quacumque
1394 646 1524 686 ratione,
1535 647 1707 685 occasione,

975 696 1021 729 vel
1046 699 1140 730 causa
1165 698 1393 740 quantumlibet
1418 699 1480 742 pia,
1506 699 1642 742 publica,
1667 699 1708 731 fa-

974 750 1122 791 vorabili,
1148 760 1202 782 seu
1231 751 1444 794 privilegiata,
1471 751 1563 784 etiam
1592 757 1710 784 transa-

974 803 1094 844 ctionis,
1112 804 1159 836 vel
1182 805 1378 845 concordiae,
1396 816 1448 838 scu
1469 805 1551 847 belli,
1571 809 1709 848 treguae,

974 856 1021 889 vel
1046 857 1142 900 pacis,
1160 857 1251 890 etiam
1278 859 1473 899 universalis,
1494 864 1524 891 et
1548 859 1584 891 ad
1610 859 1710 892 maius

975 909 1102 950 malum,
1123 910 1171 942 vel
1196 911 1388 953 scandalum,
1414 917 1446 944 ut
1470 912 1631 952 asseritur,
1648 912 1710 945 evi-

973 962 1111 1003 tandum,
1130 973 1183 995 seu
1208 973 1243 996 ex
1270 964 1338 997 aliis
1358 964 1530 997 rationibus
1550 968 1579 998 et
1598 964 1709 1003 causis,

973 1015 1065 1047 etiam
1091 1016 1239 1048 omnibus
1271 1016 1396 1049 insimul
1428 1017 1709 1057 concurrentibus,

972 1078 1007 1100 ac
1031 1068 1106 1101 alias
1130 1068 1320 1101 individuam
1347 1070 1579 1113 expressionem
1605 1071 1709 1113 requi-

972 1122 1129 1162 rentibus;

1017 1175 1031 1218 ξ
1055 1174 1084 1207 4.
1110 1175 1237 1209 Necnon
1269 1186 1482 1220 quascumque
1512 1177 1708 1220 tolerantias,

973 1228 1209 1271 taciturnitates,
1230 1230 1451 1272 conniventias,
1477 1231 1709 1274 permissiones,

973 1291 1164 1322 consensus,
1193 1282 1440 1323 declarationes,
1466 1284 1709 1327 exequutiones,

973 1334 1243 1378 approbationes,
1276 1336 1322 1368 vel
1356 1336 1630 1376 confirmationes,
1663 1348 1711 1369 ex-

974 1398 1081 1430 presse
1108 1388 1153 1420 vel
1180 1388 1279 1430 tacite,
1298 1388 1381 1422 dicto
1400 1390 1445 1422 vel
1463 1390 1554 1430 facto,
1578 1400 1613 1422 ac
1637 1390 1711 1422 alias

973 1441 1226 1484 quomodolibet,
1258 1449 1382 1486 praeter
1417 1449 1469 1476 aut
1501 1449 1609 1477 contra
1640 1455 1712 1477 suas

974 1494 1134 1527 facultates
1159 1495 1196 1527 ab
1229 1495 1338 1528 iisdem
1372 1496 1498 1539 legatis,
1524 1497 1644 1530 nunciis
1676 1507 1711 1530 ac

975 1547 1125 1580 ministris
1143 1548 1334 1592 apostolicis,
1360 1555 1389 1582 et
1415 1550 1585 1593 respective
1611 1554 1710 1583 recto-

974 1600 1060 1633 ribus
1092 1606 1121 1633 et
1153 1601 1438 1644 gubernatoribus,
1473 1608 1505 1635 ut
1538 1603 1709 1643 asseritur,

975 1654 1080 1694 factas,
1101 1665 1155 1687 seu
1180 1655 1311 1695 liabitas,
1331 1656 1374 1687 vel
1397 1656 1566 1699 respective
1586 1657 1712 1699 praesti-

974 1712 1030 1748 tas,
1056 1708 1086 1739 in
1111 1708 1362 1752 quibuscumque
1380 1710 1502 1742 actibus
1522 1710 1622 1742 eidem
1640 1710 1710 1743 Sedi

974 1761 1182 1803 Apostolicae,
1202 1772 1255 1794 seu
1277 1762 1493 1805 iurisdietioni,
1523 1763 1711 1796 immunitati

974 1823 1027 1845 seu
1052 1814 1187 1846 libertati
1218 1815 1461 1855 ecclesiasticae,
1487 1821 1538 1848 aut
1573 1816 1711 1849 ecclesiis

975 1867 1020 1899 vel
1046 1867 1188 1910 personis
1213 1869 1452 1909 ecclesiasticis,
1476 1869 1713 1912 quomodolibet

974 1920 1272 1964 praeiudicialibus,
1298 1932 1353 1965 per
1378 1933 1592 1966 quoscumque
1616 1923 1710 1962 alios,

974 1973 1065 2005 etiam
1091 1974 1197 2013 laicos,
1216 1975 1456 2018 quantumlibet,
1482 1981 1515 2008 ut,
1539 1976 1712 2019 praemitti-

975 2032 1034 2066 tur,
1059 2027 1263 2070 qualisicatos,
1282 2030 1389 2071 quavis
1414 2029 1598 2062 auctoritate
1616 2034 1645 2061 et
1661 2039 1712 2073 po-

975 2084 1093 2120 testate,
1118 2081 1210 2113 etiam
1238 2081 1403 2125 imperiali,
1428 2082 1537 2125 regali,
1562 2088 1614 2114 aut
1637 2093 1712 2126 qua—

975 2143 1109 2176 cumque
1126 2133 1186 2166 alia
1204 2134 1393 2167 individuam
1415 2135 1648 2178 expressionem
1668 2146 1711 2167 re-

974 2186 1116 2230 quirente
1141 2188 1326 2231 fungentes,
1352 2189 1444 2221 etiam
1469 2189 1524 2221 sub
1550 2195 1710 2232 praetextu

974 2240 1056 2283 quod
1075 2240 1177 2273 bullae
1204 2251 1255 2273 seu
1272 2242 1508 2275 constitutiones
1524 2242 1710 2285 apostolicae

974 2304 1035 2327 non
1061 2294 1175 2327 fuerint
1198 2295 1382 2338 publicatae,
1404 2296 1450 2327 vel
1474 2307 1530 2328 usu
1556 2300 1710 2338 receptae,

974 2353 1026 2379 aut
1039 2347 1196 2380 contrario
1210 2359 1278 2385 usu,
1290 2348 1381 2380 etiam
1392 2348 1562 2389 decennali,
1579 2352 1608 2380 et
1618 2357 1711 2390 quan-

974 2401 1114 2433 tumlibet
1131 2400 1324 2444 longissimo,
1341 2407 1371 2433 ut
1386 2401 1609 2444 praetenditur,
1624 2400 1711 2434 abro-

974 2459 1073 2497 gatae,
1099 2455 1144 2486 vel
1171 2454 1227 2486 sub
1253 2459 1415 2497 praetextu
1445 2453 1709 2493 constitutionun'i,

975 2508 1148 2540 litterarum
1175 2518 1228 2540 seu
1254 2507 1490 2550 dispositionum
1528 2507 1709 2550 apostoliea-

975 2571 1055 2602 rum,
1081 2561 1118 2593 de
1143 2571 1275 2603 quarum
1302 2559 1461 2592 existentia
1485 2570 1541 2603 per
1561 2560 1709 2592 canonica

974 2612 1160 2646 documenta
1192 2612 1359 2656 apostolica
1390 2621 1451 2644 non
1484 2617 1623 2652 constat,
1653 2622 1710 2645 seu

1751 1186 1800 1206 ltvvm
1819 1187 1906 1207 toleran-

1726 1215 1776 1235 tias,
1800 1214 1907 1243 taciturni-

1835 1245 1908 1259 eutitii·

1726 1242 1778 1259 tatas
1796 1242 1816 1259 et

1726 1269 1812 1290 vetulas,
1828 1269 1866 1286 etc.

1611 220 1675 254 125
1721 228 1814 255 Amo.
1838 228 1900 256 1641
