2107 3142
193 131 239 158 Αη.
259 132 287 157 c.
309 132 374 160 1049
420 122 483 156 616

979 131 1157 155 BULLAmun
1183 130 1337 155 ROMANUM
1919 130 1966 157 An.
1983 131 2013 158 G.
2034 131 2094 160 16⁴9

393 179 526 222 gnitates
543 179 608 211 dari
627 178 742 220 solitas,
760 187 854 222 quam
875 178 913 211 ad
937 177 1062 211 ordines
1082 188 1131 211 su·
1166 178 1360 222 approbare,
1380 179 1428 211 vel
1451 179 1540 212 aliter
1565 181 1709 220 statuere,
1735 178 1902 222 disponere

394 232 578 276 scipiendos.
1166 237 1196 264 et
1216 231 1393 275 providere,
1418 236 1512 275 prout
1538 232 1568 264 in
1592 231 1724 265 Domino
1750 230 1903 265 iudicave-

438 285 481 318 Ad
507 285 564 318 hos
596 284 713 328 pariter
738 284 890 328 spectabit
914 285 1051 328 receptio
1078 294 1133 317 no·
1168 285 1229 318 rint
1255 284 1411 328 expedire.

395 338 551 379 vitiorum,
568 338 755 381 approbatio
769 338 973 378 studentium,
995 343 1056 370 tam
1074 348 1132 382 pro
1211 338 1320 378 Porro,
1338 348 1410 370 cum
1435 337 1498 370 duo
1523 337 1710 378 assistentes,
1730 348 1807 380 quos
1824 337 1903 381 pios,

394 391 528 434 collegio
549 401 736 434 graecorum
764 391 875 432 Urbis,
895 401 987 434 quam
1012 402 1070 434 pro
1091 402 1134 424 se·
1167 390 1411 433 circumspectos
1443 389 1607 432 religiosos
1640 389 1903 432 praesumendum

395 444 535 477 minariis
560 444 724 488 deputatis,
746 444 792 477 vel
818 444 848 476 in
870 444 1010 477 futurum
1041 443 1133 487 depu-
1168 447 1223 483 est,
1241 443 1371 475 liberius
1395 442 1547 486 quidquid
1566 452 1623 486 pro
1642 442 1752 475 maiori
1772 442 1907 485 Congre-

394 497 502 530 tandis.
1168 495 1301 538 gationis
1318 495 1401 528 bono
1418 494 1567 538 expedire
1592 495 1747 527 senserint
1764 495 1905 538 proferre

437 551 512 583 Item
544 550 732 583 mutationes
768 549 937 590 abbatum,
969 550 1132 593 priorum,
1168 558 1229 581 non
1255 548 1394 589 timeant,
1419 547 1612 591 prohibitum
1639 547 1698 580 erit
1722 547 1826 579 abbati
1854 557 1907 590 ge-

394 603 596 643 vicariorum,
615 603 838 645 magistrorum
856 603 1058 643 novitiorum,
1077 603 1134 636 cel-
1168 601 1275 641 nerali,
1306 601 1416 644 quovis
1446 606 1619 644 praetextu,
1645 605 1754 633 contra
1779 599 1906 633 eosdem

394 656 580 690 lerariorum
606 660 636 690 et
660 656 886 689 monachorum
912 666 1135 699 quorumcum-
1168 654 1338 698 procedere
1364 654 1402 686 ad
1422 653 1629 697 privationem
1652 653 1756 693 officii,
1774 653 1820 686 vel
1844 663 1908 686 sus-

394 721 454 753 que
480 709 517 742 de
542 709 734 742 monasterio
759 709 797 741 ad
822 708 1047 742 monasterium
1076 708 1135 740 sin-
1168 706 1350 751 pensionem
1380 711 1467 739 extra
1497 705 1648 746 diaetam,
1669 706 1700 737 in
1731 715 1791 749 qua
1812 715 1907 749 super

394 763 476 805 gulis
494 762 636 795 trienniis
662 762 819 795 faciendae
842 762 924 795 iuxta
941 761 1134 795 constitutio·
1169 759 1341 804 praetensis
1364 759 1500 792 reatibus
1528 758 1731 791 denuntiandi
1751 763 1853 798 erunt,
1880 763 1909 791 et

394 827 449 848 nes
474 815 615 849 eiusdem
640 815 773 849 Ordinis.
1168 817 1292 856 patrum
1325 811 1526 844 definitorum
1559 811 1720 854 suffragio,
1737 812 1830 844 causa
1858 821 1909 844 co-

438 869 569 901 Demum
595 869 625 901 in
651 868 759 901 eadem
793 867 893 900 diaeta
926 867 1059 910 diligens
1081 867 1135 900 lia·
1169 866 1265 909 gnita,
1290 865 1457 898 iudicandi.

394 922 504 954 beatur
523 927 672 954 tractatus
689 921 726 954 de
751 920 974 954 reformatione
998 920 1134 964 Congre-
1215 919 1257 952 De
1282 923 1388 951 cetero
1406 918 1439 950 in
1459 917 1663 951 electionibus
1682 917 1910 961 capitularibus

396 976 529 1017 gationis
554 975 590 1008 ad
611 974 841 1008 observantiam
859 974 1048 1016 regularem,
1070 984 1136 1007 cor·
1170 971 1288 1004 abbatis
1313 971 1488 1014 generalis,
1515 971 1732 1011 visitatorum,
1757 970 1905 1003 assisten-

396 1027 527 1071 rigendo
553 1033 581 1060 et
607 1027 808 1061 reformando
841 1037 876 1059 ea
901 1026 1028 1066 omnia,
1056 1036 1136 1069 quac
1170 1025 1258 1067 tium,
1278 1024 1480 1057 definitorum
1498 1029 1528 1057 et
1543 1023 1758 1068 procuratoris
1783 1033 1911 1066 genera-

397 1081 603 1114 correctionis
628 1087 657 1114 et
682 1080 914 1114 reformationis
935 1080 1037 1113 officio
1056 1080 1137 1112 vide·
1171 1079 1207 1111 lis
1232 1079 1391 1112 Romanae
1416 1078 1522 1111 curiae
1546 1076 1696 1110 faciendis
1721 1087 1753 1109 se
1785 1076 1909 1109 confor-

397 1135 514 1168 buntur
540 1135 691 1177 indigere,
719 1135 761 1167 ita
777 1134 860 1177 quod
882 1134 905 1166 si
924 1133 1067 1166 abbatem
1090 1133 1135 1165 vel
1172 1132 1300 1164 mabunt
1317 1136 1421 1175 patres
1446 1131 1567 1164 vocales
1584 1129 1718 1162 decretis
1738 1129 1817 1162 sacri
1834 1129 1911 1162 Con-

397 1188 492 1220 alium
526 1198 561 1220 cx
597 1187 765 1231 praedictis
796 1186 1003 1229 cognoverint
1032 1197 1048 1218 a
1080 1197 1137 1219 suo
1153 1197 1154 1204 ι
1172 1186 1234 1218 cilii
1252 1184 1434 1224 Tridentini,
1452 1194 1524 1217 sess.
1547 1193 1619 1223 xxv,
1639 1193 1704 1226 cap.
1725 1192 1765 1223 vx,
1785 1182 1830 1215 De
1851 1183 1910 1216 Re-

399 1241 588 1273 monasterio
614 1240 841 1279 amovendum,
870 1239 1136 1282 suspendendum,
1153 1237 1155 1262 ¹³
1171 1238 1353 1282 qularibus,
1380 1237 1579 1281 procedendo
1599 1237 1726 1270 secretis
1751 1235 1910 1279 suffragiis

399 1293 596 1337 privandum,
615 1298 788 1333 amoveant,
808 1291 1008 1335 suspendant,
1022 1302 1057 1324 ac
1074 1291 1137 1335 pri-
1154 1289 1156 1331 ξ
1172 1303 1228 1336 per
1252 1291 1416 1324 schedulas
1434 1291 1612 1334 impressas,
1628 1290 1692 1323 sive
1710 1291 1771 1322 una
1790 1289 1911 1322 eadem-

400 1353 469 1380 vent
494 1347 586 1379 etiam
613 1357 675 1379 non
700 1347 824 1389 expleto
857 1345 905 1377 sui
935 1345 1028 1378 officii
1054 1350 1135 1377 tcm-
1173 1355 1232 1388 que
1258 1355 1352 1377 manu
1385 1344 1600 1388 conscriptas,
1632 1349 1662 1376 et
1687 1344 1718 1375 in
1742 1353 1911 1377 commune

399 1410 493 1443 pore:
512 1405 551 1442 et,
570 1399 687 1443 siquid
708 1399 791 1431 aliud
812 1398 966 1441 Ἣιᾶιίοιιε
988 1398 1156 1431 momenti
1155 1424 1157 1438 ι,
1175 1409 1225 1431 vas
1250 1408 1357 1431 coram
1391 1397 1618 1431 scrutatoribus
1654 1397 1784 1440 plicatas
1807 1397 1910 1440 palam

399 1453 563 1486 eineiseiit
585 1452 668 1496 quod
692 1463 748 1496 per
772 1451 904 1484 diaetam
927 1457 1061 1495 nequeat
1090 1462 1139 1484 ex·
1155 1446 1395 1491 conjiciendas,
1412 1450 1489 1483 itaut
1504 1449 1543 1483 ab
1559 1449 1704 1483 omnibus
1729 1449 1911 1482 interessen-

399 1506 510 1551 pediii,
531 1506 568 1539 ad
594 1506 720 1550 capituli
746 1505 901 1548 generalis
926 1505 1069 1549 proxime
1097 1505 1140 1537 fu-
1176 1504 1256 1537 tibus
1279 1503 1376 1536 videri
1411 1503 1543 1547 possint,
1567 1513 1668 1546 neque
1697 1502 1823 1536 nomina
1849 1502 1907 1535 eli-

401 1560 461 1593 turi
487 1560 637 1593 iudicium
663 1560 826 1593 referatur.
1156 1557 1314 1600 Jgentium
1350 1556 1570 1600 publicentur;
1596 1555 1679 1599 quod
1711 1555 1742 1588 in
1766 1555 1911 1589 omnibus

445 1615 551 1658 Neque
575 1613 669 1646 abbas
695 1612 850 1656 generalis
878 1622 932 1645 seu
967 1610 1158 1647 visitatores‘1
1176 1610 1391 1650 electionibus,
1412 1620 1488 1653 quas
1512 1609 1581 1642 sieri
1606 1609 1774 1652 continget,
1799 1609 1911 1641 tamin

400 1673 486 1700 extra
507 1667 639 1700 diaetam
659 1666 881 1710 quodcumque
911 1676 947 1698 ex
972 1666 1159 1716 praedictis
1158 1690 1159 1700 ι
1176 1677 1190 1697 c
1194 1663 1350 1708 apitulisE>
1334 1674 1353 1688 0
1356 1673 1429 1696 enei
1432 1662 1533 1695 ‘dibu
1537 1672 1652 1706 ,quam
1669 1663 1700 1695 in
1715 1661 1913 1706 piovinciali-

402 1721 571 1754 terminare
590 1725 748 1764 poterunt,
770 1724 822 1752 aut
839 1729 935 1762 super
960 1730 997 1752 eo
1023 1718 1141 1762 aliquid
1158 1755 1160 1771 Ι
1176 1717 1244 1757 bus,
1270 1722 1375 1749 exacte
1400 1716 1458 1749 erit
1482 1715 1723 1748 obseivandum.

402 1780 548 1814 statuere,
569 1773 628 1806 nisi
654 1784 711 1817 per
737 1772 865 1806 modum
890 1772 1089 1816 provisionis,
1112 1772 1160 1806 ιιι
1222 1769 1388 1813 Privilegia
1401 1769 1498 1802 felicis
1512 1769 1740 1802 1ecoidationis
1754 1768 1872 1802 PauliV
1886 1773 1915 1801 et
1931 1774 2107 1829 mgtahtpiffiduitn

402 1827 524 1861 casibus
550 1831 668 1861 tantuin
694 1826 747 1870 qui
781 1826 960 1859 dilationem
993 1836 1054 1859 non
1086 1836 1140 1869 pa-
1159 1823 1303 1858 :Uibani
1315 1823 1390 1863 ΗΠ,
1407 1822 1520 1866 quibus
1546 1826 1780 1855 sacrosanctum
1803 1821 1942 1857 missaes
1969 1830 1982 1851 2
2009 1828 2107 1876 demere

403 1882 531 1921 tiuntui,
553 1886 586 1913 ut
611 1879 848 1913 informationes
873 1890 994 1923 capere,
1020 1889 1161 1926 pioces-
1159 1862 1365 1910 {saciisscium
1393 1875 1497 1919 (quod
1518 1875 1601 1908 iuxta
1615 1875 1809 1918 primaevum
1832 1874 1917 1908 Ordi-
1931 1861 2013 1904 Ῠὲἒῖἧῃ
2055 1859 2107 1876 ⁰⁰⁸¹

403 1945 454 1967 sus
479 1934 658 1974 sffibbiicaii,
676 1933 835 1975 delegatos
853 1932 1008 1965 destinare
1025 1937 1054 1964 et
1068 1931 1144 1964 alias
1159 1927 1161 1968 Ι
1178 1930 1224 1963 nis
1249 1929 1345 1962 sancti
1379 1928 1481 1961 Basilii
1506 1927 1682 1961 institutum
1704 1933 1733 1960 et
1757 1927 1917 1971 antiquam

403 1987 642 2021 commissiones
664 1986 764 2019 faceie
779 1990 887 2018 contra
904 1996 953 2029 pr
944 1985 1070 2026 ielitos
1091 1990 1144 2017 aut
1160 1971 1161 2039 i
1178 1981 1435 2016 cousuetudinem
1465 1991 1501 2024 3ι
1504 1991 1576 2014 accc
1605 1981 1795 2024 celebiatui)
1824 1980 1917 2013 etiam

403 2041 618 2084 delinquentes
635 2039 814 2082 monachos,
841 2044 870 2072 et
887 2044 960 2072 tunc
974 2049 1036 2071 non
1055 2039 1161 2071 alitor
1179 2036 1271 2069 latinc
1297 2047 1313 2067 ιι
1338 2034 1460 2079 piefixo
1481 2035 1678 2068 sacerdotum
1708 2045 1841 2068 uumeio
1858 2045 1917 2078 pio

404 2105 498 2139 quam
525 2094 656 2138 ipsemet
681 2092 775 2125 abbas
797 2092 952 2135 generalis
977 2102 1049 2124 cum
1075 2101 1145 2124 con-
1160 2071 1305 2151 {speciali
1331 2087 1556 2121 confluentium
1575 2087 1741 2121 devotione
1761 2087 1830 2120 fieti
1848 2097 1919 2131 per-

404 2148 473 2181 silio
491 2153 520 2181 et
544 2152 616 2181 voto
641 2146 671 2178 in
697 2146 820 2190 scriptis
842 2145 1054 2189 praefatorum
1069 2155 1101 2176 a
1098 2144 1144 2176 si·
1161 2141 1323 2193 tinittitui,
1350 2141 1390 2173 ita
1415 2141 1622 2184 impostetum
1641 2140 1791 2173 seivanda
1817 2145 1917 2181 eiunt,

405 2202 550 2235 stentium
567 2206 595 2233 et
610 2210 708 2244 usquc
723 2199 760 2232 ad
782 2204 903 2242 tempus
926 2197 1162 2231 celebrationis
1181 2201 1212 2228 ut
1241 2168 1359 2229 tantiim
1385 2194 1495 2228 localia
1521 2199 1716 2236 censeantui,
1737 2204 1793 2226 nec
1814 2193 1851 2226 iis
1874 2194 1918 2228 uti

405 2256 522 2289 diaetae
537 2282 544 2296 ,
573 2255 604 2287 in
629 2264 689 2297 qua
713 2254 843 2296 ipsemet
867 2252 964 2285 abbas
989 2251 1145 2294 generalis
1162 2259 1163 2296 ζ
1180 2249 1298 2293 possint
1316 2249 1471 2291 monachi,
1489 2248 1548 2281 nisi
1565 2259 1582 2281 a
1599 2247 1859 2291 ἀίιιθῑιὶζῳιιιενίο
1876 2247 1918 2279 ri-

405 2308 462 2341 sub
477 2309 579 2352 poena
596 2306 779 2351 privationis
797 2305 890 2338 officii
907 2309 1046 2337 teneatur
1059 2314 1145 2348 prae-
1162 2327 1163 2330 ι
1180 2314 1295 2346 goroso
1320 2303 1486 2346 examine)
1511 2301 1674 2346 approbati
1706 2306 1735 2334 et
1759 2300 1918 2334 constituti

406 2362 502 2395 dictas
528 2360 724 2404 provisiones
749 2365 778 2392 ct
802 2358 915 2391 similia
935 2358 1060 2401 negotia
1081 2368 1147 2390 exa·
1163 2391 1164 2395 ,
1181 2357 1296 2391 suerint
1321 2357 1400 2389 inter
1436 2355 1613 2389 sacerdotes
1640 2355 1732 2387 latine
1758 2354 1917 2388 celebran-

406 2420 453 2448 cte
479 2414 509 2446 in
534 2413 713 2447 definitorio
746 2422 935 2457 proponere,
967 2416 996 2444 et
1020 2416 1145 2454 patrum
1162 2410 1164 2432 ι’
1181 2417 1236 2453 tes,
1255 2421 1389 2454 quorum
1407 2420 1574 2443 numerum
1593 2409 1673 2441 ultra
1690 2408 1918 2452 praescriptum

407 2467 573 2500 sententias
591 2467 766 2510 exquirere,
785 2475 920 2508 quorum
938 2464 1070 2496 arbitrio
1088 2464 1146 2496 erit
1182 2464 1212 2497 in
1238 2464 1383 2508 praefatis
1416 2463 1568 2496 Brevibus
1602 2462 1778 2495 nullatenus
1803 2471 1919 2504 augere

407 2521 602 2564 provisiones
639 2519 818 2554 huiusmodi
844 2529 902 2563 per
927 2522 997 2552 vota
1027 2518 1282 2567 secrctatliccat,
1303 2517 1356 2551 sed
1382 2517 1412 2550 in
1438 2521 1594 2558 eventum,
1619 2515 1648 2548 in
1674 2525 1767 2560 quem
1792 2514 1830 2549 de
1851 2524 1918 2549 mo-
