2107 3142
878 209 1020 232 uaaauus
1039 209 1094 232 vm
1115 209 1161 232 rr.
1686 201 1750 234 2195
1796 211 1847 236 An.
1862 209 1890 236 c.
1914 209 1981 237 1642

271 253 422 287 charitate
452 254 568 296 iugiter
600 255 820 298 invigilamus,
851 257 1012 289 sacristiae
1045 257 1128 289 tione
1152 257 1277 299 nostris,
1295 257 1397 301 deque
1414 257 1605 301 apostolicae
1621 258 1783 301 potestatis
1798 271 1892 308 ιωηιε.Ι
1908 270 1932 291 a.
1956 270 1979 292 n.

270 311 396 338 nostrae
416 307 595 349 pontificiae
610 318 646 340 ac
662 319 805 342 camerae
821 310 1011 352 apostolicae
1797 297 1981 318 ‘'⁴''⁴¹¹⁰⁵''''⁵¹⁴⁴⁸'‘

68 209 121 235 An.
139 207 166 232 C.
193 205 257 232 iffi}

96 426 180 447 Qum
193 426 255 445 nui-‚³

70 451 236 474 Constitutiow.

1043 309 1235 352 plenitudine
1249 337 1256 350 ,
1276 311 1368 343 ctiam
1401 311 1500 354 ipsam
1526 311 1781 344 constitutionem
1798 324 1848 344 ω...

269 359 339 391 iura
363 369 425 392 non
449 361 657 403 negligamus.
1042 361 1209 394 Clementis
1226 363 1418 405 praedictam
1439 363 1619 396 huiusmodi
1637 363 1783 397 innovan-

1043 418 1087 447 tes
1101 419 1131 446 et
1144 415 1338 457 ampliantes,
1351 416 1434 459 quod
1449 416 1487 448 de
1500 422 1605 449 cetero
1620 418 1781 460 perpetuis

1042 466 1154 498 futuris
1179 468 1374 510 temporibus
1398 470 1535 511 praefata
1549 469 1655 502 omnia
1669 475 1700 502 et
1719 470 1781 501 sin-

1042 519 1115 560 gula
1137 519 1258 560 mitrae,
1276 521 1434 564 pluvialia,
1455 521 1631 561 tunicellae,
1658 523 1781 566 aliaque

1042 578 1226 604 ornamenta
1250 578 1281 604 et
1306 573 1490 606 vestimenta
1510 585 1546 606 ac
1569 575 1702 613 calices,
1727 587 1781 618 pa-

1042 629 1140 663 tcnae,
1156 635 1228 656 vasa
1245 625 1339 657 ctiam
1357 636 1451 659 aurea
1468 633 1499 658 et
1515 634 1674 669 argentea,
1691 629 1781 660 aliac-

1041 687 1101 719 que
1119 688 1169 710 res
1185 683 1216 709 et
1233 678 1378 710 utensilia
1403 680 1641 721 quomodolibet
1665 691 1781 713 nuncu‘

1041 733 1121 772 pata,
1138 731 1323 773 pracsertim
1338 732 1512 772 benedicta,
1522 743 1576 764 scu
1588 740 1780 773 consecrata,

1040 782 1155 825 quibus
1178 783 1208 815 S.
1238 784 1272 816 R.
1302 784 1334 817 Ε.
1364 785 1539 818 cardinales
1563 796 1646 818 nunc
1669 791 1700 818 et
1724 798 1781 829 pro

1041 841 1184 879 tempore
1208 837 1386 876 existentes,
1413 838 1505 870 etiam
1533 840 1703 882 praefatam
1729 845 1782 873 aut

1040 900 1273 932 quamcumque
1296 890 1389 922 aliam
1414 891 1547 924 similem
1575 893 1620 924 vel
1645 893 1781 925 dissimi-

1041 941 1100 973 lem
1127 942 1303 974 facultatem
1328 944 1533 986 apostolicam
1547 945 1585 977 de
1604 945 1664 977 illis
1680 946 1782 989 dispo-

1040 993 1132 1025 nendi
1151 1004 1186 1026 ac
1213 995 1251 1026 ad
1276 995 1428 1028 haeredes
1451 997 1544 1028 etiam
1570 997 1609 1028 ab
1634 997 1781 1031 intestato

1041 1046 1284 1087 transmittendi,
1312 1053 1342 1079 ut
1369 1048 1592 1091 praemittitur,
1620 1049 1780 1089 habentes,

1040 1108 1102 1131 non
1119 1099 1220 1132 solum
1238 1100 1268 1132 in
1286 1102 1427 1144 cappella
1446 1102 1618 1144 pontificia,
1635 1113 1688 1135 seu
1711 1114 1781 1146 pro-

1040 1152 1245 1191 cessionibus,
1266 1154 1474 1186 caci-emoniis
1499 1160 1529 1187 et
1552 1155 1621 1187 aliis
1646 1156 1780 1188 functio-

1040 1205 1132 1238 nibus
1156 1206 1326 1249 pontificiis
1349 1208 1517 1249 praefatis,
1549 1208 1603 1240 sed
1627 1208 1719 1241 ctiam
1750 1210 1780 1241 in

1039 1269 1150 1291 eorum
1172 1260 1324 1302 cappellis
1353 1260 1482 1303 privatis
1502 1261 1652 1293 haetenus
1681 1263 1727 1294 vel
1750 1263 1780 1294 in

1039 1311 1179 1343 futurum
1210 1322 1267 1354 pro
1296 1318 1439 1355 tempore
1470 1314 1710 1356 quomodolibet
1734 1326 1780 1346 usi

1039 1364 1165 1404 fuerint,
1183 1365 1230 1397 vel
1252 1376 1332 1407 qnae
1352 1365 1533 1405 detulerint,
1551 1367 1589 1397 ad
1605 1368 1779 1399 sacristiam

1039 1418 1208 1459 praefatam
1228 1418 1295 1460 ipso
1313 1418 1380 1450 iure
1397 1424 1537 1461 spectent
1552 1423 1581 1452 et
1594 1421 1779 1462 pertineam,

1038 1475 1068 1501 et
1092 1470 1130 1502 ad
1156 1471 1241 1502 illam
1267 1471 1382 1503 deferri
1409 1472 1516 1514 illique
1551 1473 1679 1504 realiter
1703 1484 1778 1505 con-

1038 1523 1155 1564 signari
1181 1524 1315 1556 debeant
1334 1525 1438 1556 statim
1466 1530 1534 1567 post
1558 1525 1677 1557 obitum
1700 1526 1779 1569 ipso-

1039 1587 1108 1607 rum
1135 1577 1342 1609 cardinalium
1358 1605 1365 1617 ,
1391 1580 1520 1620 excepta
1545 1581 1605 1610 una
1631 1579 1778 1611 tunicella

1038 1640 1095 1671 pro
1108 1631 1245 1672 quolibet
1261 1631 1418 1663 cardinale
1434 1632 1578 1671 diacono,
1592 1638 1622 1664 et
1639 1635 1699 1664 una
1715 1634 1779 1676 pla-

1038 1685 1108 1714 ncta
1135 1694 1192 1725 pro
1224 1684 1366 1726 quolibet
1395 1685 1552 1717 cardinale
1583 1686 1777 1729 presbytero,

1038 1746 1073 1767 ac
1104 1746 1166 1768 uno
1197 1737 1324 1779 pluvmli
1359 1748 1417 1779 pro
1447 1738 1587 1780 quolibet
1620 1739 1779 1771 cardinale

1038 1788 1197 1831 episcopo,
1214 1800 1250 1821 ac
1278 1790 1416 1832 exceptis
1432 1790 1627 1822 candelabris
1647 1802 1683 1823 ac
1704 1793 1778 1823 mal·

1039 1840 1128 1873 luviisv
1146 1848 1175 1873 et
1195 1843 1364 1884 guttnrnis,
1382 1844 1481 1875 bacili
1500 1849 1530 1875 ct
1547 1845 1667 1876 [saccali
1686 1846 1779 1887 vulgo

315 412 330 455 ς
354 412 383 444 1.
408 413 556 451 Quamvis
581 414 663 446 enim
681 414 775 447 etiam
794 415 877 447 iuxta
895 415 1009 447 consti-

270 465 422 498 tutionem
455 465 553 498 felicis
587 467 815 500 recordationis
843 468 1010 500 Clementis

269 517 372 561 Papae
397 519 446 551 Vll
471 519 724 562 praedecessoris
747 520 846 553 nostri
875 520 1010 564 desuper

269 570 384 603 editam
409 572 609 604 observatum
634 573 738 612 fucrit,
758 572 842 615 quod
859 573 965 605 omnia
979 578 1009 604 et

267 622 390 665 singula
415 625 536 665 mitrae,
562 625 718 668 pluvialia,
743 625 886 668 planetae
903 631 932 657 et
949 625 1008 657 alia

266 675 375 708 altaris
400 682 584 708 ornamenta
608 682 638 709 et
663 677 856 717 vestimenta,
876 688 912 710 ac
937 688 1008 709 vasa

267 738 364 761 aurea
394 735 424 761 et
452 735 623 771 argentea,
655 730 841 772 praesertim
866 741 955 762 sacra
979 736 1009 763 ct

267 780 441 821 benedicta,
460 782 686 825 cuiuscumque
699 783 857 826 qualitatis
871 789 901 815 ct
914 784 1007 826 pretii

266 833 405 873 fuerint,
429 834 544 877 quibus
568 834 597 867 S.
623 835 657 867 R.
684 835 716 867 E.
742 835 894 878 episcopi,
920 847 1007 879 pres—

266 885 367 930 byteri
393 892 422 919 et
457 887 579 920 diaconi
605 887 779 920 cardinales
804 888 835 920 in
864 890 1007 932 cappella

264 939 438 982 pontificia,
452 941 483 972 in
497 941 675 983 missarum,
696 947 757 974 tam
776 953 832 985 per
848 943 1007 976 Romanos

266 992 457 1033 Pontifices,
488 1004 581 1037 quam
618 994 649 1027 in
684 1005 795 1028 eorum
829 996 1007 1038 praesentia

266 1046 360 1079 etiam
386 1057 443 1090 per
459 1046 560 1079 dictos
579 1047 766 1087 cardinales,
784 1048 1006 1086 celebratione,

266 1109 303 1132 ac
327 1099 358 1131 in
384 1100 640 1143 processionibus
664 1105 695 1133 et
712 1101 781 1133 aliis
797 1101 1007 1133 caeremoniis

266 1152 502 1195 pontificalibus
528 1153 575 1185 usi
599 1154 745 1193 fuerunt,
776 1159 847 1196 post
879 1154 1005 1186 illorum

265 1205 387 1237 obitum
412 1205 528 1238 fuerint
551 1211 582 1238 et
606 1206 668 1238 sint
702 1207 858 1249 applicata
883 1212 914 1239 et
938 1218 1006 1239 rea-

263 1257 337 1290 liter
362 1258 540 1300 consignari
566 1258 700 1291 debeant
719 1259 820 1291 dictae
845 1261 1006 1303 cappellae

264 1315 294 1342 et
319 1310 401 1342 illius
426 1311 595 1351 sacristiae,
620 1312 821 1355 praefataque
838 1314 1006 1355 applifflttio

264 1366 294 1396 et
317 1364 514 1406 consignatio
539 1364 684 1408 impediri
709 1375 770 1397 non
789 1365 901 1399 debeat
918 1377 1006 1409 prae-

263 1422 349 1449 textu
373 1428 646 1461 quarumcumque
673 1418 853 1451 facultatum
874 1419 1004 1452 testandi

263 1469 356 1502 etiam
374 1470 432 1502 sub
446 1481 644 1514 quacumque
659 1472 757 1503 forma
781 1477 812 1503 et
833 1472 1003 1504 verborum

262 1528 372 1555 tenore
397 1533 455 1566 pro
473 1530 615 1566 tempore
636 1534 869 1563 concessarum,
883 1531 912 1557 et
929 1526 1004 1556 alias

262 1581 359 1617 prout
384 1576 413 1607 in
438 1576 545 1608 eadem
564 1576 732 1609 Clementis
750 1577 1004 1619 praedecessoris

263 1627 486 1660 constitutione
511 1629 638 1660 uberius
662 1629 857 1667 continctur;
883 1630 999 1661 nibilo-

263 1679 378 1719 minus,
395 1681 469 1723 quia
489 1686 550 1713 tam
576 1681 706 1714 Romani
734 1682 900 1714 Pontifices
917 1693 1004 1724 prac-

264 1732 445 1765 decessorcs
458 1735 554 1767 nostri
567 1741 899 1777 concesserunt,quam
911 1736 1002 1768 etiam

260 1795 320 1818 nos
344 1796 454 1818 eorum
480 1788 622 1830 exempla
643 1788 764 1830 sequuti
791 1788 1003 1820 concessimus

262 1845 389 1871 sanctae
414 1840 572 1873 Romanae
602 1841 760 1872 Ecclesiae
791 1841 1003 1873 cardinalibus

262 1892 442 1925 facultatem
473 1893 658 1936 disponendi
693 1894 731 1926 dc
755 1896 950 1926 ornamentis
974 1899 1002 1928 et

263 1946 458 1978 vestimentis
483 1958 518 1979 ac
544 1947 623 1979 vasis
646 1953 676 1979 et
699 1948 768 1979 aliis
790 1948 886 1979 rebus
911 1959 1000 1991 prac-

263 1998 376 2037 dictis,
402 2000 516 2042 illaque
546 2001 744 2043 relinquendi
775 2002 916 2033 ecclesiis
946 2012 1000 2033 scu

262 2052 414 2094 cappellis
452 2053 498 2084 vel
535 2053 612 2084 locis
655 2054 714 2096 piis
749 2060 803 2085 aut
838 2055 1001 2096 personis,

262 2105 447 2147 praesertim
473 2106 709 2146 ecclesiasticis,
734 2107 791 2138 sibi
825 2107 1000 2146 lJcnevisis,

262 2157 293 2189 in
308 2169 403 2200 grave
420 2159 577 2191 sacristiae
598 2160 753 2201 praefatae
774 2160 1000 2202 pi·.'u·iiulicium

263 2221 299 2243 ac
323 2211 416 2243 etiam
442 2222 586 2244 camerae
616 2213 806 2255 apostolicae
830 2213 1001 2245 detrimen-

262 2269 329 2295 tum
345 2290 352 2303 ,
377 2276 470 2307 quain
497 2265 534 2297 de
559 2276 616 2297 suo
640 2266 741 2297 eidem
774 2267 934 2298 sacristiae
965 2266 1002 2297 dc

261 2317 456 2349 ornamentis
487 2318 662 2361 ceterisque
694 2318 789 2350 rebus
819 2319 1000 2351 huiusmodi

262 2375 431 2412 eapropter
448 2371 613 2412 providere
638 2376 778 2414 oportet:

1038 1896 1236 1938 nuncupatis,
1252 1896 1344 1927 ctiam
1359 1896 1464 1928 aurcis
1478 1897 1522 1928 vel
1537 1898 1706 1938 argenti-is,
1721 1899 1778 1931 bac

1038 1954 1189 1990 perpetuo
1205 1949 1336 1980 valitura
1354 1949 1575 1982 constitutione
1592 1953 1698 1982 nostra
1721 1957 1778 1982 sta-

1038 2001 1154 2033 tuimus
1179 2006 1207 2034 cl
1232 2002 1426 2041 ordinamus,
1451 2008 1481 2034 cl
1505 2014 1719 2046 quascumque
1741 2007 1779 2035 fa·

1037 2055 1167 2087 ‹zultatrs
1193 2056 1346 2097 praefatas
1374 2056 1504 2087 testandi
1524 2066 1559 2088 ac
1576 2057 1615 2088 al)
1633 2057 1778 2089 intestati»

1037 2108 1264 2139 transmittendi
1290 2114 1320 2139 et
1337 2108 1521 2150 disponendi
1547 2109 1584 2140 dc
1610 2110 1776 2141 vcstimrn-

1037 2160 1090 2197 tis‚
1123 2161 1337 2199 ornamentis,
1369 2162 1449 2192 vasis
1474 2168 1500 2193 et
1528 2162 1596 2193 aliis
1623 2162 1716 2193 rvhus
1741 2174 1777 2194 ac

1038 2213 1222 2249 utensilibus
1254 2214 1423 2255 praefatis,
1455 2214 1547 2245 etiam
1582 2214 1610 2245 in
1638 2214 1776 2245 favorrm

1036 2267 1219 2308 quaruntvis
1243 2266 1447 2298 ecclesiarum
1480 2278 1534 2298 scu
1559 2267 1775 2309 capp‹·llai·tmi

1035 2325 1065 2350 ct
1083 2320 1224 2351 locorum
1251 2319 1374 2362 piorum
1393 2330 1428 2351 ac
1456 2330 1663 2362 personarum
1681 2320 1774 2352 etiam

1035 2372 1161 2414 speciali
1187 2374 1261 2403 nota
1281 2378 1311 2403 et
1332 2372 1487 2403 individua
1513 2372 1714 2413 expressione
1731 2373 1776 2404 di-

117 2422 205 2443 lnaovat.
227 2425 250 2444 et.

62 2451 151 2475 ampliat
166 2451 208 2470 cun
223 2453 249 2470 ti-

307 2423 322 2465 §
346 2423 375 2455 ⁸2.
401 2423 479 2455 llinc
503 2429 549 2456 est
565 2424 648 2466 quod
670 2435 736 2465 nos,
757 2424 938 2456 earumdem
957 2436 1001 2457 sa·
1035 2435 1181 2465 gnarum,
1205 2425 1297 2456 etiam
1324 2430 1419 2462 motu,
1448 2424 1588 2460 scientia,
1617 2424 1773 2457 delibera-

63 2478 168 2496 tuiuuem
203 2477 238 2497 ctu

63 2509 141 2526 lun-nti<
157 2504 192 2524 Vlt
208 2511 247 2524 cir*

262 2476 389 2508 cristiae
412 2483 442 2509 et
466 2488 608 2509 camerae
637 2477 831 2511 indemnitati
856 2478 886 2509 in
911 2489 1001 2521 prae-
1035 2477 1119 2509 tione
1140 2483 1170 2509 et
1194 2477 1355 2520 potestatis
1372 2476 1565 2519 plenitudine
1582 2478 1720 2519 paribus,
1738 2488 1774 2511 ac

63 2532 248 2578 giffgsscssffitffi·
264 2529 367 2561 missis
390 2530 555 2562 consulere
580 2531 729 2569 volentes,
748 2537 834 2564 motu
860 2531 1002 2573 proprio,
1018 2513 1019 2540 ¹
1034 2531 1110 2562 alias
1133 2530 1371 2573 quomodolibet
1395 2540 1451 2571 per
1473 2531 1628 2571 praefatos
1647 2531 1775 2572 praede-

64 2585 113 2604 τηε
135 2564 183 2610 impt
205 2585 250 2605 0¹¹¹*
263 2591 299 2614 ae
323 2592 360 2614 ex
385 2585 472 2615 certa
495 2583 626 2616 scientia
649 2589 680 2616 et
704 2585 828 2616 matura
851 2584 1003 2616 delibera-
1035 2593 1178 2616 cessores
1202 2588 1327 2614 nostros
1355 2592 1391 2613 ac
1415 2592 1472 2614 nos
1496 2583 1582 2625 ipsos
1606 2582 1774 2615 cardinati-
