2107 3142
695 251 789 279 INDEX
814 252 1015 279 ammomum

178 312 280 348 usque
313 313 406 337 sexus
439 304 582 339 fidelium
614 305 826 340 consessiones

176 357 275 391 libere
301 362 330 390 et
355 357 441 391 licite
466 359 575 392 audire
594 359 728 399 valeant,
749 360 828 392 illis·

175 420 249 454 que‚
275 410 430 443 iniunctis
459 410 678 454 injungendis,
697 411 827 446 absolu-

176 464 294 497 tionem
320 465 493 498 salutarem
518 466 723 508 impendere,
750 465 827 499 143.

88 516 270 551 Dccxxlv.
295 518 460 551 lllethodus
485 518 631 562 exigendi
659 520 760 563 spolia
780 530 829 551 ar-

176 572 455 616 chiepiscoporum
483 579 513 606 et
544 573 768 617 episcoporum
794 585 829 606 ac

177 625 338 659 fructuum
364 626 572 659 ecclesiarum
598 628 779 661 vacantium
799 628 830 660 in

178 677 281 710 insula
305 678 472 712 Sardiniae
492 680 733 723 praescribitur,
757 679 831 713 143.

88 728 253 764 DCCXXV.
280 730 434 764 Prohibet
454 732 619 774 quibusvis
637 733 780 775 personis
798 733 831 765 in

179 784 325 826 catalogo
359 784 572 818 universitatis
606 785 704 818 studii
741 796 835 828 gene-

179 837 254 869 ralis
278 837 488 871 Bononiensis
511 849 575 871 non
600 839 768 882 descriptis
793 849 832 872 ne

179 889 313 923 doceant
345 890 518 931 scientias,
546 902 627 934 quae
660 892 693 924 in
722 891 832 925 eadem

174 942 379 976 universitate
405 944 467 987 legi
493 945 607 984 solent,
626 944 700 977 144.

96 991 273 1027 DCCXXVI.
302 996 483 1039 Applicatio
507 997 736 1030 nonnullorum
762 997 833 1029 red-

179 1046 305 1080 dituum
332 1048 457 1092 collegii
484 1049 691 1082 Bononiensis
715 1049 832 1082 Montis
856 1067 858 1087 4

181 1100 241 1133 Alti
257 1103 430 1145 nuncupati
449 1102 632 1135 triremibus
646 1101 734 1135 Sedis
751 1103 832 1146 Apo-

180 1154 322 1193 stolicae‚
342 1166 413 1189 cum
440 1156 624 1189 reductione
641 1156 830 1189 scholarium

180 1206 220 1239 ad
247 1207 386 1251 triginta,
411 1207 486 1242 146.

92 1257 286 1294 DCCXXVII.
312 1260 500 1294 Commissio
526 1261 756 1295 vicecollectori
785 1262 832 1296 iu-

185 1311 268 1344 rium
294 1323 437 1345 camerae
455 1314 646 1357 apostolicae
664 1315 696 1346 in
721 1314 833 1347 Portu-

180 1364 293 1406 galliae
319 1370 349 1397 et
373 1366 600 1408 Algarbiorum
623 1367 727 1410 regnis
748 1367 832 1400 circa
857 1401 859 1412 ,

182 1417 371 1458 custodiam,
396 1419 613 1453 detentionem
638 1426 667 1452 et
699 1421 833 1453 transla-
857 1414 858 1439 l

183 1469 301 1503 tionem
316 1471 528 1513 quorumdam
543 1472 728 1505 officialium
745 1472 832 1505 Sedis
857 1492 858 1528 ᾗ

182 1523 394 1565 Apostolicae,
421 1523 495 1556 150.

93 1573 305 1608 DCCXXVlII.
318 1576 464 1608 Facultas
474 1577 706 1610 vicecollectori
718 1578 749 1610 in
759 1578 833 1610 Por-
857 1554 858 1559 =

184 1627 313 1670 tugallia
349 1628 531 1662 absolvendi
568 1629 660 1669 illos,
696 1640 831 1673 quorum

184 1681 291 1720 iussu,
317 1683 413 1724 opera
442 1687 473 1714 et
496 1682 632 1715 consilio
662 1683 834 1715 nonnullae

185 1744 342 1776 personae
376 1735 610 1768 ecclesiasticae
653 1737 860 1788 carceribus!

186 1787 382 1831 mancipatae
407 1789 541 1828 fuerant,
569 1788 642 1821 151.

97 1840 464 1875 [)[1’)ΧΧΙΧ.1)οοΙῑιΓτιίίο
493 1847 522 1875 et
542 1843 720 1877 moderatio
736 1844 835 1876 facul—
859 1835 860 1847 ³

185 1900 287 1927 tatum
304 1894 630 1928 eminentissimorum
645 1902 674 1928 et
690 1907 835 1929 reveren-

184 1946 393 1980 dissimorum
418 1948 478 1981 DD.
501 1948 713 1981 cardinalium
731 1950 834 1982 archi-

185 2000 444 2044 presbyterorum
483 2012 518 2034 ac
556 2007 775 2045 protectorum
806 2008 836 2035 et

188 2054 364 2087 titularium
399 2054 604 2087 ecclesiarum
638 2062 668 2088 et
694 2056 836 2088 locorum

186 2107 310 2150 piorum
336 2107 440 2147 Urbis,
468 2107 541 2140 15⁶2.

99 2160 266 2194 DCCXXX.
300 2160 463 2194 Fratribus
509 2162 680 2195 Minoribus
714 2162 838 2195 Ordinis

189 2213 219 2246 S.
247 2213 406 2246 Francisci
431 2213 468 2247 de
492 2213 696 2247 Observantia
727 2221 757 2248 et
781 2216 838 2248 Re-

191 2266 335 2299 formatis
360 2266 449 2309 regni
482 2266 634 2299 Franciae
667 2278 767 2310 aeque
791 2268 839 2300 ius

187 2319 342 2351 tribuitur
367 2319 463 2352 laicos
487 2319 525 2351 ad
544 2319 770 2352 Tertiariorum
788 2319 839 2352 ha-

189 2371 294 2404 bitum
320 2371 519 2411 admittendi,
546 2370 620 2404 155.

101 2423 280 2457 DCCXXXI.
310 2423 487 2457 Prohibitio
512 2435 551 2457 ne
576 2426 607 2457 in
633 2425 777 2459 ecclesiis
801 2426 841 2457 ci—

189 2477 292 2511 vitatis
330 2483 360 2511 et
385 2477 540 2510 dioecesis
566 2478 762 2521 Hispalensis
788 2489 840 2511 su-

191 2535 297 2563 matur
322 2529 500 2570 tabaccum‚
528 2530 603 2563 157.

103 2582 298 2617 cccxxxii.
326 2583 502 2616 Declaratio
532 2583 616 2616 circa
645 2583 840 2617 exactionem

193 2641 281 2669 taxae
307 2636 441 2680 collegio
459 2636 730 2671 subdiaconorum
752 2637 842 2670 Sedis

1509 243 1574 279 821⁸

970 305 1167 350 Apostolicae
1191 306 1369 351 assignatae
1402 306 1524 341 ratione
1546 316 1618 351 pro-

966 359 1123 393 visionum
1139 360 1346 394 ecclesiarum
1363 361 1466 404 palliis
1484 360 1618 404 insigni—

966 419 1081 454 tarum,
1109 413 1184 447 158.

878 465 1088 499 DCCXXXIH.
1117 466 1352 500 Confirmantur
1368 468 1520 500 nonnulla
1538 466 1618 500 anti-

968 530 1031 563 qua
1066 520 1192 553 decreta
1224 526 1255 553 et
1286 525 1403 553 statuta
1435 531 1453 553 a
1484 519 1619 553 notariis

969 572 1124 605 auditoris
1149 583 1294 606 camerae
1319 583 1377 615 pro
1394 573 1478 606 bono
1502 573 1617 616 guber-

969 625 1022 657 nio
1037 625 1205 658 tribunalis
1218 625 1294 658 dicti
1308 625 1462 659 auditoris
1476 634 1620 659 camerae

970 683 1001 710 et
1026 678 1271 711 substitutorum
1298 684 1459 719 renovata,
1483 676 1559 711 160.

882 729 1087 764 DCCXXXIV.
1105 732 1234 765 Decreta
1248 731 1403 765 nonnulla
1419 731 1503 764 edita
1520 730 1551 763 in
1569 729 1621 764 de-

972 783 1113 816 finitorio
1128 784 1309 827 provinciae
1330 784 1358 817 S.
1372 784 1534 817 Francisci
1552 782 1622 817 Gal-

971 835 1030 869 liae
1056 838 1189 870 fratrum
1204 837 1330 870 Ordinis
1347 837 1447 870 sancti
1463 836 1620 869 Francisci

971 889 1225 923 Recollectorum
1237 891 1453 923 extenduntur
1462 889 1501 922 ad
1512 898 1620 923 omnes

971 942 1047 975 dicti
1074 943 1161 985 regni
1186 943 1380 986 provincias,
1405 941 1481 975 164.

882 993 1078 1027 Dccxxxv.
1107 995 1210 1034 Quod,
1230 995 1425 1028 concordato
1443 1000 1474 1029 et
1490 994 1620 1028 invitato

971 1056 1099 1089 parocO,
1128 1048 1280 1080 cadavera
1306 1047 1529 1080 defunctorum
1551 1056 1620 1089 pos-

970 1099 1035 1132 sint
1060 1100 1245 1142 sepulturae
1270 1099 1350 1132 tradi
1376 1110 1431 1143 per
1459 1099 1620 1142 regulares

970 1152 1125 1186 Ordinum
1162 1153 1409 1187 Mendicantium
1436 1153 1620 1196 provinciae

971 1205 1102 1239 Russiae
1127 1206 1247 1249 absque
1266 1206 1327 1239 alio
1344 1205 1475 1250 parochi
1490 1215 1622 1239 consen-

857 1283 858 1298 ,
972 1269 1028 1297 su,
1054 1258 1129 1292 166.

882 1310 1067 1344 Dcxxxvl.
1093 1311 1241 1344 Facultas
1266 1311 1462 1345 thesaurario
1481 1310 1620 1353 generali

972 1374 1116 1397 camerae
1142 1365 1336 1406 apostolicae
1361 1363 1535 1408 deputandi
1553 1374 1622 1397 exa-

972 1423 1075 1450 ctores
1100 1417 1217 1450 iurium
1236 1424 1263 1451 et
1280 1417 1455 1459 spoliorum
1474 1416 1623 1450 Gamerae

973 1470 1154 1512 praedictae
1178 1470 1359 1503 debitorum
1396 1469 1427 1501 in
1460 1468 1623 1503 Catalonia

972 1529 1001 1555 et
1026 1523 1231 1555 comitatibus
1256 1521 1431 1556 Ceritaniae
1462 1528 1491 1555 et
1517 1521 1622 1554 Rossi-

858 1615 859 1618 Ἴ
973 1576 1065 1608 lionis
1091 1576 1130 1608 ob
1156 1576 1314 1608 bellorum
1341 1581 1458 1614 motus,
1483 1574 1558 1607 167.

858 1623 859 1628 ’
884 1629 1100 1662 DCCXXXVlI.
1120 1630 1265 1662 Facultas
1280 1628 1480 1671 patriarchae
1493 1628 1623 1661 Costan-

973 1683 1203 1726 tinopolitano,
1230 1688 1260 1715 et
1292 1682 1533 1725 archiepiscopo
1557 1681 1619 1714 Da-

973 1736 1133 1775 miatensi‚
1144 1736 1271 1769 nunciis
1287 1735 1524 1779 Hispaniarum,
1539 1745 1624 1768 exer-

973 1789 1066 1821 cendi
1093 1799 1186 1822 suum
1208 1799 1325 1821 munus
1350 1788 1445 1820 etiam
1471 1793 1557 1820 extra
1578 1797 1625 1820 re-

975 1851 1036 1884 gna
1054 1842 1292 1885 Hispaniarum,
1319 1847 1476 1884 quatenus
1494 1851 1530 1874 ex
1547 1841 1623 1884 ipsis

977 1896 1080 1937 regnis
1105 1895 1310 1938 expellantur
1334 1894 1381 1928 vel
1402 1894 1565 1928 discedere
1578 1904 1627 1927 co-

974 1954 1100 1990 gantur,
1125 1947 1201 1980 168.

860 1999 862 2016 ”
887 2000 1118 2034 DCCXXXVIII.
1134 2000 1322 2034 Constitutio
1340 2001 1424 2034 circa
1443 2000 1578 2033 formam
1594 2007 1623 2033 et

974 2053 1118 2086 habitum
1145 2063 1308 2086 sacrarum
1334 2053 1522 2096 imaginum,
1546 2051 1620 2086 170.

861 2115 863 2142 ι’
888 2106 1096 2140 Dccxxxtx.
1114 2106 1296 2139 Mandatum
1315 2106 1494 2139 Ordinariis
1508 2106 1624 2139 Galliae

976 2165 1010 2192 ut
1036 2159 1187 2202 deputent
1223 2164 1398 2192 conventus
1431 2159 1463 2191 in
1488 2158 1625 2201 singulis

977 2212 1144 2255 provinciis
1171 2222 1229 2254 pro
1245 2211 1470 2244 reformatione
1492 2212 1623 2244 fratrum

977 2264 1232 2298 Reformatorum
1245 2265 1345 2297 sancti
1356 2264 1530 2304 Francisci‚
1546 2263 1620 2297 173.

890 2317 1025 2351 DCCXL.
1040 2317 1217 2350 prohibitio
1234 2317 1419 2350 extrahendi
1438 2317 1532 2349 libros
1549 2327 1565 2349 e
1582 2316 1624 2350 bi-

976 2370 1145 2404 bliothecis
1159 2375 1371 2403 conventuum
1381 2368 1508 2402 Ordinis
1523 2369 1555 2402 B.
1566 2369 1626 2402 Ma-

979 2425 1043 2457 riae
1068 2424 1106 2457 de
1127 2424 1230 2457 Monte
1249 2423 1393 2457 Carmelo
1411 2422 1621 2456 Discalceato-

979 2488 1049 2509 rum
1084 2482 1342 2520 nuncupatorum
1360 2502 1367 2515 ,
1393 2475 1622 2518 Congregatio-

979 2530 1028 2563 nis
1052 2530 1235 2572 Hispaniae,
1260 2528 1334 2561 174.

892 2582 1044 2617 DCCXLl.
1072 2582 1133 2616 Pro
1166 2582 1305 2625 capitulo
1329 2586 1359 2614 et
1383 2581 1545 2615 canonicis
1566 2580 1626 2614 Ma-

982 2636 1210 2677 ioricensibus,
1238 2634 1324 2678 quod
1349 2641 1457 2668 contra
1481 2635 1567 2678 ipsos
1587 2634 1626 2667 ab
