2107 3142
183 166 232 194 An.
249 165 277 193 c.
300 165 366 194 1647
414 155 448 190 54
457 157 477 190 Ο

198 1024 295 1054 clausula
307 1030 366 1050 prae·

184 1054 298 1073 S‘rvaltva·

211 1397 308 1418 Ctnumla
323 1397 367 1417 sub·

184 1424 231 1445 tosa,

225 1823 368 1848 Exequutores

186 1850 279 1875 deputat.

383 225 399 246 a
420 214 488 246 iure
511 213 556 245 vel
582 212 621 244 ab
646 211 774 244 homine
790 237 797 251 ,
825 211 935 254 quavis
960 212 1123 245 occasione

382 267 429 299 vel
456 268 548 298 causa
574 265 665 305 latis,
693 265 717 296 si
743 264 856 307 quibus
886 265 1125 308 quomodolibet

383 319 547 352 innodatus
561 319 673 359 existit,
688 318 724 350 ad
744 318 889 350 effectum
909 318 1122 361 praesentium

382 373 541 405 dumtaxat
555 372 822 415 consequendum,
841 372 952 404 barum
974 373 1054 404 serie
1074 372 1125 403 ab·

383 427 537 459 solventes
550 433 577 459 et
592 427 769 459 absolutum
790 427 855 459 sore
869 432 1040 465 censentes,
1055 436 1124 469 sup-

382 480 605 524 plicationibus
632 481 713 512 illius
745 480 872 512 nomine
906 480 996 512 nobis
1029 490 1124 522 super

381 533 442 566 hoc
466 534 628 566 humiliter
654 534 807 577 porrectis
833 533 983 574 inclinati,
1014 532 1122 565 deere-

382 591 447 619 tum
474 587 715 630 piaeinseitum,
733 587 903 630 apostolica
928 586 1122 626 auctoritate,

382 645 492 672 tenore
516 641 739 683 praesentium,
758 642 994 679 contii-mamus,
1016 640 1123 683 illique

383 693 571 726 inviolabilis
607 694 797 737 apostolicae
833 693 990 726 firmitatis
1025 693 1124 725 robur

382 745 556 788 adiicimus,
574 758 609 779 ac
627 757 735 779 omnes
753 752 782 779 et
798 747 938 789 singulos
967 751 1028 779 tam
1047 746 1123 779 iuris

382 810 474 844 quam
501 800 572 832 facti
598 800 746 842 desectus,
768 800 792 832 si
818 800 871 843 qui
897 800 1034 843 desuper
1050 810 1121 843 quo-

383 854 556 887 modolibet
580 855 815 894 intervenerint,
832 854 1026 898 supplemus,
1041 854 1123 886 salva

384 912 487 939 tamen
513 917 637 951 semper
661 908 846 940 auctoritate
871 906 1124 950 congregationis

383 961 568 993 eorumdem
594 961 810 993 cardinalium.

427 1014 442 1057 g
467 1013 496 1046 4.
522 1014 730 1047 Decet-nentes
745 1014 1057 1058 praesenteslitteras
1077 1024 1124 1046 va-

382 1066 470 1106 lidas,
490 1067 596 1099 sirmas
622 1073 649 1099 ct
675 1068 816 1101 efficaces
837 1068 968 1100 existere
994 1072 1024 1099 et
1048 1067 1123 1106 sore,

383 1130 519 1163 suosque
535 1121 692 1163 plenarios
706 1126 735 1153 et
753 1121 893 1163 integros
915 1120 1043 1153 effectus
1061 1130 1125 1151 sor-

384 1173 435 1204 tiri
451 1178 480 1205 et
497 1173 649 1214 obtinere,
670 1184 705 1206 ac
723 1174 761 1205 ab
775 1174 920 1206 omnibus
937 1179 967 1205 et
983 1173 1124 1215 singulis,

383 1237 462 1270 quos
488 1227 557 1259 illae
582 1226 797 1259 concernunt¹
830 1226 1069 1269 quomodolibet
1094 1227 1123 1258 in

382 1280 534 1321 futurum,
554 1281 776 1314 inviolabiliter
800 1286 830 1313 et
855 1281 1037 1314 inconcusse
1062 1280 1121 1312 ob-

383 1335 512 1375 servarL

428 1388 493 1431 §5
532 1387 645 1433 Sieque
677 1399 733 1431 per
764 1398 980 1432 quoscumque
1006 1387 1124 1420 iudices

384 1441 560 1474 ordinarios
585 1447 615 1474 et
639 1442 807 1484 delegatos,
834 1442 927 1474 etiam
957 1452 1122 1474 causarum

384 1494 488 1538 palatii
514 1494 677 1538 apostolici
702 1495 871 1535 auditores,
901 1505 937 1527 ac
967 1494 995 1527 S.
1026 1494 1059 1526 R.
1090 1494 1122 1526 E.

383 1547 567 1588 cardinales,
580 1548 672 1580 etiarn
687 1548 725 1580 de
739 1549 834 1580 latere
852 1548 981 1590 legatos,
992 1547 1122 1579 iudicari

383 1606 413 1633 et
437 1601 560 1634 deliniri
585 1602 710 1644 debere,
732 1613 767 1635 ac
785 1602 908 1634 irritum
928 1605 958 1635 et
974 1601 1081 1641 inane,
1099 1601 1123 1633 si

381 1655 458 1698 quid
483 1665 572 1687 secus
596 1666 691 1699 super
715 1655 763 1687 liis
792 1666 808 1687 a
837 1665 1017 1698 quoquam,
1047 1665 1124 1698 qua-

384 1708 429 1740 vis
454 1709 660 1749 auctoritate,
688 1709 822 1742 scienter
858 1709 905 1741 vel
932 1709 1123 1751 ignoranter,

385 1762 553 1804 contigerit
577 1763 731 1795 attentari.

429 1815 443 1857 g
468 1814 495 1846 6.
522 1815 675 1853 Quocirca
710 1815 941 1848 venerabilibus
976 1814 1124 1847 fratribus

384 1867 641 1910 archiepiscopis,
666 1868 820 1911 episeopis
847 1873 875 1900 et
892 1868 960 1900 aliis
981 1868 1123 1901 locorum

384 1920 556 1953 Ordinariis
573 1920 646 1953 dicti
663 1922 750 1963 regni
765 1932 821 1965 per
835 1926 1014 1964 praesentes
1039 1932 1124 1954 com-

384 1973 536 2006 mittimus
551 1980 580 2005 et
601 1974 793 2014 mandamus,
812 1980 965 2018 quatenus
987 1974 1056 2017 ipsi,
1079 1974 1125 2005 vel

385 2026 457 2066 duo,
482 2032 535 2059 aut
560 2038 640 2060 unus
665 2038 787 2068 eorum,
813 2038 867 2070 per
883 2039 925 2069 se,
947 2028 993 2060 vel
1019 2027 1124 2067 alium,

385 2090 440 2113 seu
458 2081 545 2120 alios,
560 2087 740 2124 praesentes
758 2081 877 2114 litteras
897 2087 927 2113 et
947 2081 977 2112 in
995 2081 1038 2113 eis
1057 2091 1126 2113 eon—

386 2138 469 2165 tenta
494 2145 735 2177 quaecumque,
761 2134 812 2166 ubi
839 2140 866 2166 et
892 2133 1018 2177 quando
1046 2144 1126 2176 opus

384 2187 488 2227 suerit,
501 2197 536 2220 ac
549 2188 671 2231 quotics
685 2199 741 2231 pro
756 2194 844 2231 parte
862 2187 1124 2231 primodioioram

384 2240 516 2273 fratrum
543 2241 752 2273 Ereinitruum
772 2241 887 2273 suerint
904 2240 1056 2283 requisiti,
1081 2251 1126 2273 so-

384 2294 529 2327 lemniter
544 2295 748 2338 publicantes,
765 2294 872 2337 eisque
894 2294 923 2326 in
945 2293 1125 2337 praemissis

385 2347 519 2380 efficacis
543 2348 733 2380 detensionis
757 2347 914 2390 praesidio
935 2346 1124 2386 assistentes,

385 2400 498 2433 faciant
522 2401 707 2434 auctoritate
740 2402 848 2433 nostra
878 2400 948 2432 illos
973 2400 1124 2443 praeniis-

387 2464 494 2487 sorum
519 2455 661 2488 oninium
686 2458 715 2487 et
739 2454 936 2497 singulorum
958 2453 1125 2487 commodo

427 2571 435 2596 t
453 2569 551 2606 Supple
566 2573 618 2600 aut
633 2572 805 2599 concernem
826 2570 864 2606 (n.
886 2576 935 2605 n).

958 164 1138 188 BULLARIUM
1162 163 1318 188 ROMANUM

1907 164 1957 194 Au.
1973 165 2003 194 G.
2023 166 2088 196 16⁴7

1157 216 1186 245 et
1210 211 1323 244 effectu
1346 211 1408 244 frui
1421 217 1452 245 et
1464 212 1621 255 gaudere,
1642 212 1757 256 illaque
1775 212 1815 245 ab
1833 222 1897 246 om-

1157 264 1249 297 nibus
1266 265 1304 297 ad
1321 275 1400 308 quos
1425 271 1543 309 spectat
1562 271 1592 299 et
1617 266 1648 298 in
1672 266 1813 299 futurum
1831 276 1897 310 spe-

1157 317 1264 357 ctabit,
1289 317 1510 351 inviolabiliter
1534 318 1707 359 observari,
1724 324 1754 351 et
1773 318 1898 352 debitae

1157 371 1333 404 executioni
1359 371 1560 412 demandari,
1587 382 1650 405 non
1681 372 1897 416 permittentes

1159 425 1227 459 illos
1252 425 1387 468 desuper
1412 435 1429 457 a
1453 435 1628 469 quoquam,
1653 426 1762 469 quavis
1783 431 1894 459 aucto>-

1158 479 1261 519 ritate,
1287 478 1540 522 quomodolibet,
1565 479 1702 512 indebite
1726 479 1897 521 molestari,

1201 534 1216 575 g
1241 532 1269 565 7.
1288 532 1539 566 Contradictores
1551 533 1790 576 quomodolibet
1807 538 1837 566 et
1853 543 1899 566 re·
1922 545 2093 576 centanam.

1159 586 1273 628 belles,
1299 586 1543 630 praemissisque
1568 596 1631 619 non
1659 591 1820 630 parentes,
1841 597 1898 630 per
1912 572 2092 626 ggggpoenuin-

1157 640 1336 680 sententias,
1354 650 1503 673 censuras
1523 645 1553 672 et
1571 649 1689 683 poenas
1713 639 1899 673 ecclesiasti-

1158 704 1220 734 cas,
1235 694 1357 737 aliaque
1378 699 1561 737 opportuna
1574 693 1651 726 iuris
1663 698 1693 726 et
1712 693 1783 726 sacti
1802 703 1900 726 reme-

1157 746 1217 786 dia,
1236 747 1443 790 appellatione
1457 747 1641 790 postposita,
1658 746 1899 790 compescendo,

1158 799 1369 843 legitimisque
1403 810 1500 843 super
1523 799 1571 833 his
1595 799 1747 832 habendis
1770 799 1900 833 servatis

1158 853 1356 895 processibus
1370 880 1378 893 ‚
1413 863 1562 886 censuras
1598 857 1628 885 et
1663 862 1780 896 poenas
1816 852 1900 896 ipsas

1157 906 1251 938 etiam
1278 906 1396 939 iteratis
1420 907 1541 939 vicibus
1565 906 1785 949 aggravando,
1815 905 1900 939 invo-

1158 964 1227 992 cato
1244 960 1335 993 etiam
1354 959 1392 992 ad
1417 959 1487 1000 hoc,
1509 959 1533 992 si
1559 969 1639 1003 opus
1663 958 1766 999 fuerit,
1783 958 1899 992 auxilio

1160 1012 1280 1045 brachii
1307 1013 1466 1046 secularis.

1203 1065 1217 1108 ἕ
1231 1065 1260 1099 8.
1275 1066 1342 1098 Non
1356 1066 1553 1100 obstantibus
1566 1066 1759 1109 praemissis,
1777 1076 1813 1099 ac
1829 1075 1900 1099 con-
1914 1077 2025 1099 contram
2035 1075 2093 1098 ionii.

1158 1119 1371 1151 stitutionibus
1392 1124 1422 1151 et
1442 1119 1692 1152 ordinationibus
1709 1119 1898 1163 apostolicis,

1157 1182 1278 1204 necnon
1303 1172 1484 1215 primodicti
1502 1172 1636 1214 Ordinis,
1651 1172 1814 1216 ipsiusque
1828 1182 1898 1205 con-

1157 1225 1349 1268 gregationis
1366 1226 1483 1259 Galliae
1504 1226 1687 1259 eorumdem
1704 1226 1838 1259 fratrum
1851 1225 1899 1259 Di-

1157 1280 1395 1319 scalceatorum,
1411 1279 1503 1311 etiam
1525 1279 1712 1321 iuramento,
1730 1279 1898 1312 confirma-

1158 1332 1240 1365 tione
1264 1332 1446 1375 apostolica,
1471 1333 1518 1365 vel
1536 1332 1596 1365 alia
1617 1332 1725 1376 quavis
1751 1332 1898 1366 firmitate

1158 1385 1332 1428 roboratis,
1354 1385 1476 1419 statutis
1501 1391 1531 1418 et
1555 1386 1845 1429 consuetudinibus,
1870 1389 1900 1420 et

1159 1439 1326 1482 praedictis
1341 1439 1616 1472 constitutionibus
1629 1439 1820 1480 novissimis,
1833 1438 1900 1483 pri-

1159 1492 1280 1534 vilegiis
1305 1503 1432 1535 quoque
1447 1519 1455 1533 ,
1480 1492 1609 1525 indultis
1635 1497 1665 1525 et
1688 1492 1800 1525 litteris
1824 1503 1899 1536 apo-

1158 1545 1275 1579 stolicis
1301 1545 1402 1579 dictae
1427 1545 1673 1588 congregationi,
1688 1545 1835 1589 illiusque
1852 1556 1900 1579 su-

1159 1599 1340 1642 perioribus
1357 1605 1387 1632 et
1408 1599 1562 1643 personis
1585 1610 1621 1632 ac
1641 1599 1803 1643 quibusvis
1819 1599 1897 1641 aliis,

1159 1653 1217 1685 sub
1234 1653 1486 1696 quibuscumque
1508 1652 1676 1686 verborum
1694 1653 1855 1687 tenoribus
1871 1658 1901 1686 et

1160 1705 1280 1748 formis,
1305 1717 1340 1739 ac
1367 1717 1438 1740 curn
1463 1706 1627 1750 quibusvis
1650 1706 1742 1739 etiam
1767 1706 1900 1749 deroga-

1160 1760 1269 1801 toriis,
1296 1760 1427 1803 aliisque
1461 1759 1690 1792 efficacioribus
1713 1764 1743 1792 et
1766 1759 1900 1792 insolitis

1159 1813 1315 1854 clausulis,
1340 1823 1462 1846 necnon
1488 1813 1684 1846 irritantibus
1705 1817 1734 1846 et
1754 1813 1824 1845 aliis
1844 1810 1899 1845 de'-

1159 1867 1264 1906 eretis,
1289 1866 1320 1898 in
1345 1876 1461 1909 genere
1486 1866 1532 1898 vel
1560 1867 1590 1898 in
1615 1866 1736 1909 specie,
1765 1876 1801 1899 ac
1824 1866 1900 1899 alias

1160 1920 1190 1952 in
1201 1920 1393 1953 contrarium
1405 1919 1651 1963 praemissorum
1662 1919 1900 1962 quomodolibet

1160 1973 1326 2013 concessis,
1344 1973 1538 2005 confirmatis
1556 1978 1585 2005 et
1602 1972 1766 2012 innovatis;
1787 1973 1900 2016 quibus

1160 2026 1305 2058 omnibus
1319 2030 1349 2058 et
1362 2025 1505 2068 singulis,
1520 2026 1641 2058 etiamsi
1662 2036 1719 2069 pro
1733 2026 1900 2059 sufficienti

1161 2080 1286 2112 illorum
1323 2079 1527 2122 derogatione
1560 2080 1598 2112 de
1634 2080 1695 2112 illis
1727 2090 1900 2124 eorumque

1161 2132 1231 2165 totis
1246 2132 1408 2165 tenoribus
1422 2132 1576 2175 specialis,
1587 2132 1743 2176 specifica,
1754 2142 1900 2176 expressa

1160 2190 1189 2217 et
1214 2185 1382 2227 individua,
1397 2195 1432 2218 ac
1454 2185 1492 2218 de
1506 2186 1603 2218 verbo
1628 2186 1665 2218 ad
1684 2185 1824 2226 verbum,
1837 2196 1901 2220 non

1160 2244 1263 2271 autem
1288 2249 1344 2282 per
1369 2239 1525 2271 clausulas
1546 2239 1709 2281 generales
1734 2238 1816 2272 idem
1841 2239 1901 2272 im-

1159 2297 1331 2335 portantes,
1341 2292 1458 2325 mentio
1476 2302 1529 2325 seu
1543 2292 1671 2335 quaevis
1691 2292 1750 2324 alia
1773 2302 1900 2335 expres-

1159 2346 1205 2378 sio
1219 2346 1362 2378 habenda
1375 2351 1427 2379 aut
1445 2346 1547 2389 aliqua
1561 2345 1620 2378 alia
1633 2345 1787 2388 exquisita
1800 2346 1900 2379 forma

1159 2399 1197 2431 ad
1223 2399 1282 2431 lioc
1307 2399 1460 2432 servanda
1482 2399 1579 2439 foret,
1605 2399 1732 2431 illorum
1757 2398 1900 2431 omnium

1160 2456 1190 2484 et
1215 2452 1412 2494 singulorum
1444 2457 1569 2485 tenores
1599 2451 1817 2495 praesentibus
1840 2462 1899 2496 pro

1160 2505 1250 2548 plene
1275 2510 1305 2538 et
1329 2505 1520 2538 sufficienter
1544 2504 1701 2548 expressis
1724 2504 1894 2548 habentes,

1160 2558 1222 2592 illis
1253 2558 1329 2592 alias
1358 2559 1390 2593 in
1420 2569 1478 2594 suo
1508 2558 1625 2594 robore
1656 2558 1897 2603 permansuris,
