2107 3142
191 161 238 185 Αιι.
256 162 284 185 U.
307 160 370 186 1647

419 151 481 186 538

388 214 415 241 et
443 209 502 242 hoc
529 207 661 252 propter
679 210 804 242 servitia
820 220 876 253 per
892 221 963 243 cum
982 211 1132 243 hactenus

388 261 492 303 regiae
503 272 639 294 coronae
653 263 811 304 praestita,
822 268 851 295 et
865 264 906 295 ol)
918 264 1043 296 labores
1053 274 1132 307 quos

387 315 531 346 sustinuit
553 315 583 346 in
601 315 794 358 disponenda
815 321 844 348 et
865 316 1056 359 perficienda
1074 317 1132 349 liae

387 368 542 410 praesenti
568 368 769 407 sandaliotim
795 369 835 403 ila
860 375 983 411 tamen,
1008 377 1042 403 ut
1067 371 1132 414 ipsc

389 421 482 464 possit
511 431 567 463 per
584 432 616 454 se
635 422 681 453 vel
702 423 798 454 alium
817 423 926 456 missas
952 424 1131 463 celebrare;

433 474 447 516 g
477 474 522 505 10.
544 474 673 507 Summa
691 475 826 518 denique
842 476 1034 518 reddituum,
1053 488 1132 520 quae

354 548 371 561 ὴ,-
388 536 404 558 a
429 526 512 559 dicto
538 527 683 570 I'liilippo
702 539 777 571 rege
801 529 839 561 ab
858 529 946 562 initio
968 529 1042 562 dicti
1060 531 1130 562 anni

388 590 527 613 uncxmv
546 591 646 624 usque
670 581 708 613 ad
734 581 837 614 datam
859 583 1072 626 praesentium
1094 583 1132 616 ad

387 627 472 666 bunc
490 634 635 667 effectum
655 646 691 667 cx
711 636 820 679 spoliis
838 642 868 669 et
890 648 926 669 ex
950 637 1132 669 vacantibus

388 687 461 719 dicti
488 688 577 729 regni
602 688 743 728 Siciliae,
768 695 801 721 ut
830 690 1051 732 praemittitur,
1077 690 1131 723 de-

388 741 500 773 stinata
525 742 592 782 l'uit,
618 748 752 785 ponetur
778 743 809 774 in
835 743 1058 787 multiplicum,
1081 744 1132 777 do-

386 805 505 827 nec-cx
532 797 566 827 ca
590 806 713 828 annuus
734 796 874 828 redditus
896 797 1003 829 baberi
1022 797 1130 840 possit⁷

387 848 439 890 qui
454 847 491 880 ad
512 848 649 893 aliquam
676 859 832 881 suminam
851 860 867 882 a
885 850 969 883 dicto
988 851 1131 894 Philippo

387 911 462 942 rege
498 911 553 933 seu
578 902 644 934 cius
678 908 804 935 oratore
837 903 1071 945 destinandam,
1096 915 1131 938 ac

389 954 448 987 illis
474 965 527 987 seu
554 956 682 988 cuilibet
710 957 836 988 illorum
863 957 1052 999 benerisam,
1069 969 1130 992 nou

390 1014 494 1041 tamen
519 1010 605 1042 mille
630 1011 726 1042 scutis
756 1016 899 1044 monetae
924 1011 1131 1053 minorcm‚a-

389 1061 534 1103 scendat,
568 1063 620 1106 qui
646 1063 771 1106 quiden]
803 1064 944 1097 redditus
974 1071 1048 1098 tunc
1073 1067 1131 1099 erit

388 1115 596 1158 implicandus
610 1116 640 1148 iu
653 1123 857 1159 augmentum
873 1117 1129 1152 distributionum

389 1168 642 1210 ‹piotidiai‘iarutu
669 1170 886 1202 ministrorum
916 1171 1003 1204 chori
1030 1172 1129 1205 dictae

388 1220 544 1262 basilicae,
559 1233 617 1265 pro
632 1223 822 1266 praestando
838 1224 985 1257 uniformi
1001 1226 1129 1259 servitio

388 1274 488 1307 dictae
509 1275 666 1316 basilicae,
683 1276 767 1319 quod
788 1287 804 1308 a
820 1278 979 1310 canonicis
994 1284 1130 1322 praesta-

388 1331 446 1370 tur,
473 1334 504 1360 et
528 1339 590 1361 non
615 1329 715 1370 aliter,
735 1340 789 1362 seu
814 1331 891 1363 alios
912 1342 1128 1376 (pioseumque

386 1381 455 1424 pios
472 1392 547 1414 usus
563 1382 600 1414 ad
619 1383 782 1415 utilitatem
805 1383 905 1416 dictae
920 1385 1067 1418 basilicae
1084 1397 1129 1418 ar-

387 1434 480 1468 bitrio
513 1436 665 1478 praedicti
699 1437 830 1480 l'liilippi
866 1438 948 1480 regis
980 1449 1033 1471 seu
1063 1439 1128 1471 eius

388 1489 523 1521 oratoris
548 1490 778 1523 converte-iulus
802 1502 856 1523 scu
882 1493 1106 1534 assignanda&

431 1542 446 1585 ἕ
464 1542 511 1574 ll.
531 1543 590 1575 l'ro
607 1554 668 1586 qua
690 1550 792 1576 tamen
806 1544 998 1585 fundatione,
1017 1551 1045 1577 et
1067 1557 1128 1579 ine-

291 1616 295 1627 <
318 1591 372 1629 mvi
389 1595 489 1628 moria
511 1598 682 1640 perpetua,
708 1597 869 1640 praedicto
895 1599 1033 1642 capitulo
1050 1599 1128 1632 basi-

389 1649 466 1682 licae
487 1650 515 1682 S.
534 1650 648 1682 Mariae
666 1650 803 1691 Maioris,
820 1662 854 1683 ac
872 1652 1017 1685 omnibus
1034 1654 1129 1686 ecclc-

388 1703 521 1735 siasticis
535 1703 723 1746 supradictis
743 1704 820 1736 illud
835 1716 913 1737 onus
935 1718 951 1738 a
968 1707 1128 1749 praedicto

390 1757 534 1801 Philippo
558 1768 634 1800 rege
658 1759 833 1801 respective
858 1765 885 1790 <il
912 1767 1065 1803 perpetuo
1086 1762 1129 1794 in-

389 1811 543 1853 iungitur,
569 1817 603 1844 ut
627 1812 746 1845 scilicet
775 1812 907 1855 singulis
932 1815 1030 1856 annis⁷
1057 1815 1129 1847 inci-

386 1864 500 1907 piendo
518 1865 555 1897 ab
574 1866 633 1898 hoc
653 1867 810 1908 praesenti
831 1877 922 1906 anno,
942 1873 1004 1901 tres
1018 1868 1128 1901 missas

387 1918 584 1950 canonicales
609 1919 640 1950 in
665 1919 753 1951 altari
780 1920 959 1963 praedictae
983 1921 1128 1964 in‘iaginis

388 1971 499 2004 Beatae
518 1972 670 2014 terginis,
688 1973 772 2016 quod
786 1984 868 2006 nunc
886 1979 932 2007 cst
949 1975 1044 2007 altare
1064 1987 1128 2008 ina-

388 2025 435 2057 ius
451 2024 552 2057 dictae
569 2026 727 2069 capi'zellac
747 2026 832 2059 Pauli
850 2028 880 2067 Υ,
899 2027 929 2059 in
944 2028 1004 2061 hoc
1023 2028 1128 2071 igitur,

387 2078 433 2110 vel
460 2078 491 2110 in
516 2089 553 2111 eo
578 2079 608 2110 iu
634 2090 695 2122 quo
717 2091 775 2123 pro
801 2086 943 2124 tempore
969 2082 1127 2124 praedicta

387 2131 491 2175 imago
509 2132 619 2164 Beatae
636 2132 770 2175 ¹{irginis
790 2135 928 2177 reposita
944 2135 1126 2178 invenietur,

389 2196 481 2218 unani
508 2186 634 2218 missam
663 2186 803 2219 videlicet
823 2187 853 2219 in
879 2187 928 2220 dic
954 2188 1128 2221 Natiiitatis

388 2239 528 2272 ciusdem
554 2239 665 2272 Beatac
690 2239 803 2272 Mariae
832 2240 975 2282 Virginis,
998 2252 1077 2284 quac
1101 2254 1129 2275 e—

389 2294 462 2326 tiam
499 2303 581 2326 nunc
613 2304 629 2324 a
662 2294 760 2326 inulto
797 2299 938 2337 tempore
963 2306 1020 2338 pro
1045 2296 1128 2328 dicto

389 2357 463 2389 rege
488 2346 681 2387 celebratur,
707 2347 836 2379 alteram
866 2347 895 2379 in
922 2351 1029 2382 octava
1055 2350 1127 2382 llin—

391 2400 476 2432 nium
499 2399 638 2432 fidelium
657 2399 888 2441 defunctorum,
909 2401 1060 2444 reliquant
1078 2403 1127 2434 die

391 2463 469 2485 xxut
505 2453 621 2485 mensis
654 2452 804 2493 ianuarii,
832 2453 860 2485 in
887 2455 963 2485 l'csto
986 2454 1128 2487 videlicet

389 2507 417 2537 S.
444 2506 610 2547 ldell'snisi7
637 2517 715 2549 quae
740 2506 778 2538 ab
804 2517 884 2539 anno
910 2507 1054 2550 proxime
1079 2519 1127 2541 se-

391 2560 494 2602 quvnli
522 2560 550 2591 fr.
575 2560 614 2603 ³3¹}

630 2566 767 2603 ·t·=:2‚p:·0
789 2560 861 2593 dicti
882 2561 1016 2604 Philippi
1034 2561 1126 2604 rigis,

959 163 1138 188 BULLARIUM
1163 163 1318 188 ROMANUM

1166 211 1296 254 eiusque
1314 222 1533 246 suceessorum
1543 213 1766 257 Hispaniarum
1783 223 1905 256 regum,

1166 275 1202 297 ae
1226 264 1368 307 ipsorum
1394 265 1564 308 coniugum
1589 272 1619 299 et
1642 266 1780 300 filiorum
1797 266 1906 307 salute,

1166 328 1201 350 ac
1225 318 1435 359 successione,
1453 330 1488 351 ac
1512 330 1570 362 pro
1594 320 1789 361 corumdem,
1809 331 1845 354 ac
1865 320 1908 364 ip-

1167 381 1274 403 sorum
1301 371 1580 414 praedecessorum
1605 373 1778 414 animabus,
1803 383 1839 406 ac
1858 373 1907 406 de-

1167 435 1252 457 mum
1271 435 1329 468 pro
1353 424 1504 468 praedicti
1531 425 1666 470 Philippi
1690 427 1775 469 regis
1791 437 1907 470 regno-

1918 166 1972 193 An.
1988 168 2016 195 c.
2031 146 2107 201 1643ss

1166 488 1235 510 rum
1262 478 1428 521 temporali
1453 489 1488 511 ac
1517 478 1672 522 spirituali
1696 479 1907 523 prosperitate
1947 498 1950 500 ⁷

1166 535 1195 564 ct
1212 537 1392 574 augmento,
1405 531 1638 565 solemnissimo
1651 532 1723 574 ritu,
1741 532 1906 566 decantare

1166 590 1196 616 et
1220 583 1402 625 colchi-areg
1424 595 1486 618 non
1501 584 1616 618 minori
1631 585 1716 618 cultu
1733 590 1763 618 et
1779 587 1906 629 pompa,

1166 642 1292 680 sumptu
1318 643 1347 670 et
1372 638 1562 679 celebritate,
1587 648 1623 671 ac
1646 648 1779 671 nurnero
1803 639 1908 672 musi-

1166 701 1275 723 corum
1302 695 1331 724 et
1362 691 1534 734 quantitate
1559 684 1665 734 cerae,
1690 691 1822 735 aliisque
1851 702 1904 725 so-

1166 741 1332 782 lemnibus,
1358 742 1411 774 scd
1437 742 1559 783 iisdem,
1579 746 1632 776 aut
1653 742 1823 775 maioribus
1847 742 1906 784 liis,

1165 795 1280 837 quibus
1297 805 1379 827 nunc
1400 795 1513 828 dictam
1536 796 1662 829 missam
1677 796 1708 828 in
1725 796 1775 829 die
1791 795 1908 829 Nativi-

1167 847 1237 880 tatis
1261 847 1401 881 eiusdem
1426 848 1536 882 Beatae
1553 849 1689 892 Virginis
1713 860 1771 893 pro
1797 849 1907 883 eodem

1167 901 1310 944 Philippo
1330 912 1405 943 rege
1430 902 1548 934 dictum
1574 902 1746 946 capitulum
1771 903 1908 936 celebrat

1166 958 1196 986 et
1212 953 1355 987 decantat
1369 954 1516 998 (quarum
1535 955 1768 988 solemnitatum
1786 961 1816 988 et
1833 956 1907 990 mis-

1165 1019 1271 1041 sarum
1293 1019 1458 1052 expensae,
1472 1009 1595 1042 etiamsi
1620 1010 1702 1043 ultra
1726 1010 1909 1053 assignatio-

1165 1073 1248 1103 nem,
1265 1062 1303 1094 ad
1328 1062 1411 1095 hunc
1432 1063 1578 1096 effectum
1603 1063 1751 1107 superius
1777 1063 1907 1106 dictum,

1166 1115 1265 1148 maior
1290 1126 1413 1148 summa
1443 1116 1666 1160 expendenda,
1697 1116 1746 1150 vel
1777 1117 1802 1149 si
1826 1117 1908 1152 dicta

1164 1170 1334 1212 assignatio
1364 1180 1427 1203 non
1458 1171 1553 1203 suerit
1577 1176 1701 1211 exacta,
1726 1170 1764 1203 ab
1797 1171 1907 1204 eodem

1164 1223 1300 1266 capitulo
1326 1224 1492 1267 anticipate
1518 1224 1702 1266 solvendae,
1728 1224 1905 1266 faciendae,

1163 1283 1216 1310 aut
1240 1278 1433 1321 supplendae
1458 1284 1539 1319 sunt,
1565 1279 1608 1311 uti
1633 1278 1752 1322 absque
1776 1279 1840 1312 ulla
1864 1289 1908 1312 as·
1955 1286 1958 1289 ’

1164 1331 1339 1373 signatione
1371 1337 1516 1375 sumptus
1551 1332 1652 1365 dictae
1681 1332 1854 1367 festivitatis
1879 1337 1908 1367 et

1164 1385 1276 1417 missac
1296 1386 1469 1420 Nativitatis
1487 1386 1626 1419 eiusdem
1645 1386 1755 1419 Beatae
1770 1386 1907 1430 Virginis

1164 1439 1223 1471 iam
1249 1449 1266 1470 a
1292 1440 1390 1471 multo
1417 1445 1558 1483 tempore
1584 1450 1683 1483 usque
1707 1450 1791 1472 nunc
1815 1451 1833 1473 a
1857 1451 1908 1474 ca-

1165 1492 1263 1535 pitulo
1280 1492 1387 1536 l‘iunt');
1407 1493 1535 1536 insuper
1556 1493 1728 1536 capitulum
1753 1498 1783 1526 et
1807 1504 1906 1528 cano-

1163 1546 1224 1579 nici
1249 1546 1400 1590 praedicti
1426 1547 1542 1580 aestivo
1569 1552 1714 1591 tempore
1743 1548 1907 1582 servitium

1163 1600 1252 1632 chori
1286 1600 1394 1632 eadem
1428 1601 1531 1633 forma
1564 1606 1594 1633 et
1627 1600 1739 1634 eedem
1773 1611 1907 1636 numero

1163 1652 1387 1686 canonicorum
1419 1664 1482 1696 quo
1514 1653 1642 1686 hiemali
1668 1659 1813 1698 tempore
1837 1654 1907 1688 fieri

1163 1706 1242 1739 solet
1265 1706 1368 1739 facere
1395 1712 1568 1748 teneantur,
1587 1712 1617 1740 ct
1646 1707 1685 1740 ad
1711 1707 1741 1740 id
1766 1707 1907 1742 adstricti

1163 1759 1242 1799 sint,
1268 1759 1407 1803 alioquin
1431 1759 1669 1793 distributiones
1693 1766 1768 1794 tune
1793 1761 1907 1795 absen-

1164 1813 1241 1845 tium
1266 1813 1298 1844 in
1322 1824 1415 1845 usum
1439 1813 1619 1856 praedictae
1643 1814 1804 1848 sacristiae
1829 1825 1906 1848 con-

1164 1869 1337 1905 vei-tantun
1357 1876 1392 1898 ac
1410 1866 1622 1910 praepositus,
1643 1867 1742 1910 prior,
1764 1878 1819 1901 seu
1838 1877 1907 1912 cap-

1163 1920 1275 1962 pellani
1301 1919 1451 1962 praedicti
1478 1919 1515 1952 ad
1541 1920 1785 1954 celebrationem
1811 1921 1906 1954 trium

1165 1973 1341 2014 missarum,
1368 1984 1424 2016 per
1448 1983 1497 2013 sc,
1524 1974 1572 2006 vel
1597 1973 1712 2016 alium,
1738 1984 1792 2007 seu
1817 1975 1905 2017 alios,

1163 2026 1254 2059 dictis
1279 2026 1390 2068 tribus,
1406 2026 1551 2061 videlicet
1567 2027 1678 2061 Beatae
1702 2027 1816 2061 Mariae
1843 2029 1906 2061 Vir-

1163 2080 1253 2123 ginis,
1279 2084 1308 2112 et
1333 2084 1443 2113 octava
1468 2080 1754 2122 I)et'unct0rum,ae
1777 2081 1807 2115 S.
1825 2081 1905 2115 Idel—

1162 2133 1241 2165 sensi
1267 2132 1388 2173 dicbus,
1413 2133 1505 2166 etiam
1532 2138 1717 2175 teneantur;

1207 2187 1285 2230 §12
1305 2188 1347 2220 Ac
1365 2187 1538 2231 capitulum
1559 2193 1588 2220 et
1617 2188 1795 2232 praedictus
1814 2189 1903 2233 prior

1163 2251 1197 2273 ac
1228 2241 1402 2284 cappellani
1435 2241 1535 2274 dictae
1569 2243 1730 2285 cappellae
1761 2243 1847 2276 Pauli
1880 2244 1903 2277 V

1164 2293 1354 2327 tenebuntur
1379 2299 1409 2327 et
1432 2294 1571 2328 adstricti
1597 2300 1709 2335 erunt,
1735 2299 1768 2328 ut
1792 2306 1902 2339 supra-

1162 2347 1280 2379 dictum
1306 2353 1361 2389 cst⁷
1383 2347 1414 2380 in
1446 2358 1555 2381 eorum
1581 2348 1744 2389 sacrariis,
1769 2359 1823 2382 seu
1848 2360 1900 2383 sa-

1163 2401 1288 2441 cristiis,
1313 2413 1348 2433 ac
1374 2401 1403 2433 in
1428 2412 1536 2434 earum
1562 2402 1711 2445 qnalibet,
1728 2409 1823 2446 prout
1842 2404 1903 2448 ipsi

1162 2454 1251 2497 regio
1276 2455 1460 2498 capp-uano
1487 2455 1655 2496 videbitur,
1681 2456 1786 2489 omnia
1810 2467 1903 2501 para-

1199 2527 1208 2550 ¹
1228 2524 1403 2559 Snbintellige
1420 2525 1530 2552 verbum
1548 2528 1712 2560 teneantur,
1725 2527 1797 2562 quod
1811 2530 1904 2563 postea

1162 2569 1337 2605 sequitui-(12.
1356 2570 1403 2604 ⁷12).

1944 2197 1978 2218 lus
1992 2203 2101 2225 paramen-

1919 2226 1986 2245 torum
1999 2225 2057 2250 regio
2066 2229 2100 2246 ea-

1919 2251 2001 2277 pellano
2037 2251 2100 2272 tribu-

1919 2281 1969 2299 tunt.
