2107 3142
137 136 187 162 An.
204 135 233 162 c.
253 135 319 162 1639
366 126 408 158 M

380 183 544 218 Provincia
569 183 597 216 S.
622 181 736 215 Didaci.

380 236 544 270 Provincia
568 236 597 268 S.
623 235 760 267 'l'homae
785 233 936 276 Apostoli.

383 290 557 333 Receptum
575 294 621 321 est
638 288 735 320 Breve
753 286 938 320 sanctissimi
961 286 1078 319 domini

335 343 436 376 nostri
462 341 579 376 Urbani
605 341 669 374 vill
695 340 779 374 circa
811 341 965 374 lectorum
998 340 1079 373 iubi-

337 397 504 437 lationem,
530 395 620 428 cuius
638 394 763 428 initium
789 399 855 428 cst:
883 394 973 435 Cum,
998 394 1079 427 sicut

336 450 529 494 ιιεσερὶηηιε,
558 448 636 482 et.c.¹.

382 503 492 536 Nullus
512 501 661 546 deinceps
682 502 879 546 praedicator
903 508 955 536 aut
982 504 1099 536 lector¹

338 557 540 597 instituatur,
565 556 624 590 nisi
649 557 737 601 prius
762 556 856 590 fidem
881 568 1011 590 suorum
1038 558 1080 589 lc-

337 616 461 643 ctorum
488 610 633 644 exhibeat
658 621 715 654 per
740 611 965 654 provincialem
995 610 1081 643 mini-

337 670 437 697 strum
470 664 736 705 authenhcatam,
762 670 788 697 et
816 664 874 697 nisi
899 665 938 697 ab
971 665 1080 697 codem

338 717 484 751 ministro
509 729 579 751 cuin
605 729 662 751 suo
679 717 859 751 definitorio
879 718 973 751 fuerit
993 724 1079 751 antea

338 771 543 813 examinatus,
569 776 661 815 atquc
687 772 819 804 idoneus
844 776 995 815 repertus.

382 826 446 859 Nec
470 825 584 870 aliquis
610 825 737 858 studens
762 826 861 869 possit
884 826 915 858 in
940 828 1079 859 futurum

338 879 375 911 ad
407 890 515 912 sacrae
548 878 724 921 theologiae
756 878 895 911 studium
928 880 1081 920 transire,

337 932 396 965 nisi
416 932 635 976 philosophiae
655 943 782 965 cursum
802 937 891 965 antea
906 933 1081 976 perfecerit,

338 991 367 1018 et
393 996 410 1018 a
435 985 615 1018 delinitorio
648 985 845 1028 provinciae,
870 985 973 1029 quoad
1001 986 1082 1019 suffi-

338 1039 484 1073 cientiam
511 1045 541 1072 et
564 1039 665 1072 bonos
690 1050 805 1079 mores,
820 1040 913 1072 fuerit
933 1040 1083 1083 approha-

339 1100 396 1126 tus.
416 1094 548 1127 Cursum
575 1098 678 1126 autem
705 1093 922 1137 philosophiae
948 1093 1083 1126 declara-

340 1158 409 1180 mus
434 1157 501 1180 esse
527 1146 624 1179 trium
653 1156 808 1180 annorum
839 1148 1080 1190 completorum.

339 1201 382 1234 De
407 1212 469 1244 quo
495 1200 622 1233 studens
648 1200 803 1233 tenebitur
828 1210 958 1233 suorum
988 1201 1083 1233 lecto-

341 1265 411 1287 rum
433 1254 526 1287 tidem
554 1264 611 1298 per
636 1254 863 1298 provincialem
889 1260 918 1287 et
942 1255 1083 1288 delinito-

340 1309 423 1341 rium
448 1308 692 1341 authenticatam
717 1314 928 1352 praesentare.

384 1362 564 1394 Renovatur
589 1366 737 1394 statutum
753 1389 760 1401 ,
785 1372 848 1405 quo
872 1362 1082 1405 praecipitur,

340 1416 461 1448 nullum
487 1415 606 1448 institui
627 1426 718 1459 posse
742 1415 1003 1459 praedicatorem,
1024 1417 1083 1449 nisi

341 1469 430 1513 prius
460 1480 588 1502 cursum
621 1469 834 1511 theologicum
867 1469 960 1503 trium
986 1480 1084 1503 anno-

340 1534 410 1555 rum
440 1523 670 1566 completorum
703 1523 885 1566 perfecerit:
912 1533 1013 1566 neque
1043 1525 1084 1557 le-

341 1583 479 1619 ctorem,
506 1576 564 1608 nisi
590 1580 726 1619 quatuor
750 1576 840 1609 annis
865 1577 996 1620 expletis
1021 1582 1084 1609 stu-

342 1631 453 1664 duerit.

386 1684 566 1718 Renovatur
580 1684 673 1716 etiam
689 1684 835 1726 generale
850 1688 999 1716 statutum
1018 1695 1086 1727 pro-

343 1737 463 1778 hibens,
482 1748 520 1771 ne
536 1737 696 1770 studentes
717 1737 881 1779 generales
899 1748 914 1769 e
932 1742 1086 1771 conventu

343 1791 463 1835 possint
478 1791 595 1834 egredi,
607 1790 664 1823 nisi
680 1791 728 1823 bis
742 1802 800 1834 pro
814 1790 953 1833 quolibet
970 1802 1086 1831 mense3

343 1845 406 1877 sive
431 1844 622 1888 guardianus
653 1848 706 1876 aut
736 1844 815 1877 atius
840 1845 985 1888 superior
1010 1846 1087 1878 loca-

343 1899 380 1931 lis
405 1898 503 1942 possit
521 1897 565 1931 eis
582 1897 739 1931 licentiam
758 1897 931 1930 concedere
948 1898 1007 1931 nisi
1028 1909 1087 1942 pro

343 1951 530 1996 gravissima
562 1953 655 1985 causa
687 1962 703 1983 a
737 1951 880 1984 discretis
916 1958 1088 1985 conventus

343 2006 431 2050 prius
454 2005 639 2050 approbata.

390 2060 522 2094 Ministri
547 2065 576 2092 et
601 2058 783 2092 definitores
815 2059 1024 2102 provinciales
1049 2070 1084 2093 a-

346 2114 462 2149 ctuales
495 2118 583 2147 extra
618 2122 706 2146 snam
738 2112 933 2156 provinciam
960 2124 1088 2157 praece-

345 2168 419 2202 dant
444 2178 507 2209 eos,
528 2166 581 2211 qui
602 2166 728 2200 fuerunt
752 2166 961 2210 provinciales
986 2172 1015 2200 et
1039 2167 1089 2200 de—

346 2221 489 2255 finitores
514 2219 697 2264 respective.

390 2275 536 2308 Lectores
560 2274 676 2307 artium
709 2277 739 2308 et
767 2284 895 2307 casuum
925 2276 1087 2308 conscien-

348 2329 407 2362 tiae
427 2338 481 2362 eos
502 2326 681 2360 sacerdotes
700 2326 898 2370 praecedant,
917 2327 971 2371 qui
993 2328 1087 2370 trige-

347 2382 462 2414 simum
494 2390 610 2413 annum
640 2379 801 2423 religionis
826 2389 889 2413 non
913 2381 1088 2424 compleve-

349 2440 431 2476 runt,
446 2434 527 2468 inter
543 2444 611 2468 sese
628 2434 713 2467 iuxta
729 2434 945 2478 antiquitatem
963 2434 1087 2467 habitus

383 2553 396 2579 ‘l
419 2552 493 2583 Quod
516 2551 573 2580 vide
591 2556 654 2579 toni.
676 2558 728 2585 xlv,
750 2560 810 2588 pag.
832 2551 884 2578 640
903 2551 941 2585 (a.
956 2551 1002 2586 τ.>.

894 131 1075 156 BULLARIUM
1100 130 1253 155 ROMANUM

1112 179 1240 213 sedeant
1264 184 1293 211 ct
1319 177 1477 219 incedant,
1503 177 1562 209 nisi
1596 175 1707 219 aliquis
1732 174 1853 209 theolo-

1113 233 1197 276 giam
1223 232 1298 265 alias
1323 231 1458 275 legisset.

1158 285 1240 318 Laici
1263 289 1458 317 transeuntes
1477 283 1514 316 ad
1535 287 1649 316 statum
1668 281 1854 322 clericalem,

1114 349 1176 373 non
1210 339 1329 383 possint
1361 337 1477 371 habere
1509 336 1610 370 osticia
1635 340 1664 368 et
1688 335 1855 378 dignitates

1115 392 1145 425 in
1170 392 1332 435 religione.

1159 445 1226 478 Duo
1252 446 1363 478 fratres
1389 443 1530 487 germani
1567 442 1598 475 in
1629 441 1857 486 provincialatu

1116 499 1295 532 immediate
1328 498 1389 531 sibi
1422 497 1608 537 succedere,
1634 502 1686 529 aut
1709 496 1801 530 simul
1825 496 1857 529 in

1115 553 1296 586 definitores
1320 552 1381 585 duo
1407 563 1442 584 cx
1468 551 1578 584 eadem
1602 550 1768 593 agnatione
1784 550 1857 593 eligi

1117 607 1247 640 minime
1272 606 1402 650 possint,
1429 610 1461 637 ut
1486 605 1561 637 alias
1587 609 1737 637 statutum
1763 609 1818 637 est.

1161 661 1299 693 Minister
1324 660 1355 692 in
1381 670 1417 691 eo
1443 659 1598 703 capitulo,
1624 659 1655 691 in
1679 669 1742 702 quo
1767 669 1857 692 suum

1117 714 1219 757 explet
1244 713 1394 752 officium,
1420 712 1450 744 in
1476 712 1676 745 definitorem
1699 711 1772 755 eligi
1796 722 1858 744 non

1116 766 1222 811 possit,
1248 766 1304 799 sub
1330 767 1431 809 poena
1456 765 1606 798 nullitatis
1632 765 1802 798 electionis.

1161 819 1310 853 Moriente
1330 819 1436 862 aliquo
1457 818 1623 852 delinitore
1640 823 1727 852 extra
1745 818 1859 852 limites

1117 873 1314 917 provinciae,
1340 873 1387 905 vel
1413 873 1558 913 absente,
1583 873 1660 906 itaut
1690 872 1771 906 infra
1797 877 1859 906 tres

1117 928 1181 960 dics
1211 927 1276 961 eius
1306 927 1482 971 praesentia
1513 927 1623 961 haberi
1652 938 1715 961 non
1740 927 1859 971 possit,

1117 982 1307 1024 subrogetur
1328 982 1406 1014 alter
1431 986 1520 1025 pater
1541 981 1666 1025 dignior
1686 982 1770 1015 illius
1790 993 1861 1026 pro-

1119 1036 1247 1077 vinciae,
1274 1036 1364 1069 aliter
1388 1036 1499 1069 electio
1524 1036 1609 1068 nulla
1634 1036 1682 1068 sit.

1162 1090 1199 1121 l't
1225 1089 1390 1123 induendis
1416 1090 1566 1122 fratribus
1592 1093 1768 1134 opportune
1793 1100 1864 1123 con-

1118 1143 1248 1183 sulatur,
1267 1143 1419 1175 minis-tris·
1440 1143 1580 1176 districte
1604 1143 1811 1187 praecipitur,
1830 1148 1863 1176 ut

1118 1197 1257 1229 ossicinas
1275 1208 1332 1240 pro
1351 1197 1487 1230 lanificio
1512 1202 1542 1230 et
1567 1207 1746 1241 pannorum
1771 1196 1863 1229 fabri-

1118 1250 1239 1283 catione
1257 1250 1451 1283 introductas
1472 1261 1660 1283 conservare
1680 1254 1862 1294 procurent.

1120 1305 1150 1336 Et
1171 1304 1223 1337 ubi
1243 1304 1438 1338 introductae
1456 1315 1517 1337 non
1536 1304 1661 1345 fuerint,
1676 1304 1757 1337 intra
1772 1305 1863 1337 unius

1119 1358 1190 1390 anni
1217 1359 1353 1401 spatium
1377 1359 1443 1391 illas
1465 1358 1587 1401 erigant
1605 1363 1635 1390 et
1653 1358 1862 1399 introducant,

1119 1412 1176 1444 sub
1206 1414 1306 1455 poena
1337 1411 1522 1456 privationis
1552 1411 1646 1444 officii
1679 1412 1748 1455 ipso
1784 1413 1864 1446 facto

1121 1465 1326 1505 menri-cmlii,
1347 1476 1405 1498 nec
1431 1477 1467 1499 ex
1492 1465 1553 1498 alio
1579 1475 1693 1509 panno,
1713 1476 1806 1508 quarn
1825 1476 1861 1498 ex

1121 1519 1272 1552 fabricato
1291 1519 1321 1551 in
1342 1519 1531 1562 supradictis
1548 1519 1680 1552 officinis
1700 1519 1786 1552 indui
1806 1520 1864 1552 fra-

1122 1578 1183 1605 tres
1209 1572 1340 1616 possint,
1360 1572 1435 1604 alias
1456 1572 1555 1605 induti
1582 1572 1735 1605 inhabiles
1760 1572 1799 1605 ad
1824 1574 1865 1606 of-

1122 1627 1191 1659 ticia
1216 1631 1246 1658 et
1270 1625 1436 1668 dignitates
1464 1625 1644 1669 provinciae
1675 1625 1866 1669 indispensa-

1122 1680 1226 1713 biliter
1252 1685 1447 1713 censeantur.

1166 1734 1390 1767 Defunctoruni
1423 1734 1521 1777 spolia
1551 1734 1675 1767 nonnisi
1708 1735 1866 1768 conventi-

1122 1788 1188 1829 bus,
1208 1787 1237 1820 in
1254 1787 1368 1830 quibus
1385 1789 1498 1820 fratres
1515 1787 1669 1821 decedere
1688 1788 1864 1831 contigerit,

1122 1841 1333 1884 applicentur3
1359 1841 1480 1875 sublata
1512 1841 1664 1874 ministris
1694 1842 1867 1885 provincia-

1124 1894 1205 1928 libus
1231 1895 1261 1928 in
1287 1895 1344 1927 hac
1369 1900 1457 1938 parte
1482 1895 1625 1927 facultate
1651 1895 1727 1928 alias
1744 1894 1866 1939 dispen-

1123 1948 1209 1981 sandi
1236 1948 1293 1981 sub
1320 1949 1421 1991 poena
1446 1947 1630 1990 privationis
1655 1948 1759 1982 officii.

1168 2002 1206 2034 ljt
1230 2001 1336 2035 multis
1362 2000 1510 2034 abusibus
1535 2005 1564 2033 et
1589 2001 1739 2044 periculis
1759 2012 1866 2035 occur-

1105 2088 1107 2096 ,
1124 2062 1220 2097 ratur,
1241 2055 1417 2096 statuimus,
1437 2059 1470 2087 ut
1495 2064 1556 2098 qua
1581 2054 1629 2087 die
1654 2055 1787 2099 quisque
1808 2055 1865 2088 fra-

1124 2116 1207 2143 trum
1234 2110 1353 2143 itineris
1378 2110 1470 2143 causa
1490 2108 1680 2150 discesserit,
1695 2115 1724 2142 et
1749 2109 1780 2142 in
1803 2121 1865 2154 qua

1125 2165 1198 2197 item
1229 2163 1417 2203 accesserit,
1442 2163 1480 2196 ab
1505 2162 1623 2196 eisdem
1654 2168 1864 2197 conventuum

1124 2218 1343 2263 superioribus
1368 2218 1398 2250 in
1423 2218 1459 2250 ea
1489 2217 1559 2261 ipsa
1587 2217 1733 2250 facultate
1764 2217 1864 2252 disce-

1123 2272 1215 2305 dendi
1241 2282 1333 2306 causa
1357 2271 1491 2304 fideliter
1511 2275 1645 2304 notetur.
1663 2270 1698 2313 Si
1715 2280 1805 2304 secus
1825 2271 1865 2304 fe-

1124 2326 1242 2368 cerint,
1267 2325 1396 2370 praelati
1429 2325 1467 2357 ab
1499 2323 1602 2358 officio
1633 2323 1865 2368 suspendantur

1125 2391 1179 2423 per
1206 2390 1366 2420 mensem,
1392 2384 1421 2411 et
1452 2377 1567 2412 subditi
1596 2378 1676 2411 sicut
1705 2382 1864 2422 apostatae

1124 2434 1310 2477 plectantur.
1335 2432 1422 2472 Quod
1447 2436 1480 2466 ut
1503 2431 1645 2465 exactius
1669 2430 1863 2474 observetur,

1123 2487 1263 2520 districte
1295 2486 1486 2531 praecipitur
1515 2484 1750 2529 superioribus,
1774 2490 1810 2518 ut
1833 2485 1864 2518 in

1124 2541 1373 2575 obedientiarum
1395 2544 1424 2575 et
1444 2539 1642 2574 licentiarum
1663 2538 1816 2584 exemplis
1826 2537 1865 2571 ⁴id

1854 100 1920 154 'Am
1938 127 1966 154 C.
1982 127 2051 155 1639
