<?xml version="1.0" encoding="UTF-8"?>
<!DOCTYPE html PUBLIC "-//W3C//DTD XHTML 1.0 Transitional//EN"
    "http://www.w3.org/TR/xhtml1/DTD/xhtml1-transitional.dtd">
<html xmlns="http://www.w3.org/1999/xhtml" xml:lang="en" lang="en">
 <head>
  <title>
</title>
<meta http-equiv="Content-Type" content="text/html;charset=utf-8" />
  <meta name='ocr-system' content='tesseract 3.04.00' />
  <meta name='ocr-capabilities' content='ocr_page ocr_carea ocr_par ocr_line ocrx_word'/>
</head>
<body>
  <div class='ocr_page' id='page_1' title='image "./bullarumdiplomat15cath_0054.png"; bbox 0 0 2107 3142; ppageno 0'>
   <div class='ocr_carea' id='block_1_1' title="bbox 97 169 1039 270">
    <p class='ocr_par' dir='ltr' id='par_1_1' title="bbox 97 169 1039 270">
     <span class='ocr_line' id='line_1_1' title="bbox 97 169 1037 205; baseline -0.001 -2"><span class='ocrx_word' id='word_1_1' title='bbox 97 177 146 203; x_wconf 77' lang='lat' dir='ltr'>An.</span> <span class='ocrx_word' id='word_1_2' title='bbox 163 177 192 204; x_wconf 85' lang='lat' dir='ltr'>c.</span> <span class='ocrx_word' id='word_1_3' title='bbox 212 176 279 205; x_wconf 64' lang='lat'>1639</span> <span class='ocrx_word' id='word_1_4' title='bbox 327 169 368 202; x_wconf 68' lang='lat'>12</span> <span class='ocrx_word' id='word_1_5' title='bbox 856 178 1037 202; x_wconf 60' lang='lat' dir='ltr'>numanum</span> 
     </span>
     <span class='ocr_line' id='line_1_2' title="bbox 99 225 1039 270; baseline 0 -12"><span class='ocrx_word' id='word_1_6' title='bbox 99 244 188 265; x_wconf 63' lang='lat' dir='ltr'>cumque</span> <span class='ocrx_word' id='word_1_7' title='bbox 204 239 231 259; x_wconf 64' lang='lat' dir='ltr'>aa</span> <span class='ocrx_word' id='word_1_8' title='bbox 253 241 282 259; x_wconf 49' lang='grc' dir='ltr'>ιρ-</span> <span class='ocrx_word' id='word_1_9' title='bbox 299 226 450 268; x_wconf 74' lang='lat' dir='ltr'>dignitate</span> <span class='ocrx_word' id='word_1_10' title='bbox 475 230 508 258; x_wconf 88' lang='lat' dir='ltr'>ut</span> <span class='ocrx_word' id='word_1_11' title='bbox 532 225 709 269; x_wconf 78' lang='lat' dir='ltr'>praefertur</span> <span class='ocrx_word' id='word_1_12' title='bbox 736 225 915 269; x_wconf 85' lang='lat' dir='ltr'>praeditos,</span> <span class='ocrx_word' id='word_1_13' title='bbox 945 237 1039 270; x_wconf 85' lang='lat' dir='ltr'>quam</span> 
     </span>
    </p>
   </div>
   <div class='ocr_carea' id='block_1_2' title="bbox 98 268 1038 322">
    <p class='ocr_par' dir='ltr' id='par_1_2' title="bbox 98 268 1038 322">
     <span class='ocr_line' id='line_1_3' title="bbox 98 268 1038 322; baseline 0.003 -12"><span class='ocrx_word' id='word_1_14' title='bbox 98 268 282 313; x_wconf 50' lang='lat' dir='ltr'>{lil&#39;filtff‘ilssll&#39;css&#39;iss</span> <span class='ocrx_word' id='word_1_15' title='bbox 298 279 429 312; x_wconf 88' lang='lat' dir='ltr'>clericos</span> <span class='ocrx_word' id='word_1_16' title='bbox 465 279 621 312; x_wconf 86' lang='lat' dir='ltr'>seculares</span> <span class='ocrx_word' id='word_1_17' title='bbox 658 284 688 311; x_wconf 88' lang='lat' dir='ltr'>et</span> <span class='ocrx_word' id='word_1_18' title='bbox 720 279 857 312; x_wconf 85' lang='lat' dir='ltr'>cuiusvis</span> <span class='ocrx_word' id='word_1_19' title='bbox 893 278 1038 322; x_wconf 85' lang='lat' dir='ltr'>Ordinis,</span> 
     </span>
    </p>
   </div>
   <div class='ocr_carea' id='block_1_3' title="bbox 1064 179 1819 319">
    <p class='ocr_par' dir='ltr' id='par_1_3' title="bbox 1064 179 1819 319">
     <span class='ocr_line' id='line_1_4' title="bbox 1064 179 1220 203; baseline 0 0"><span class='ocrx_word' id='word_1_20' title='bbox 1064 179 1220 203; x_wconf 63' lang='lat' dir='ltr'><strong>ROMANUM</strong></span> 
     </span>
     <span class='ocr_line' id='line_1_5' title="bbox 1075 226 1819 270; baseline 0 -11"><span class='ocrx_word' id='word_1_21' title='bbox 1075 227 1183 267; x_wconf 86' lang='lat' dir='ltr'>randa,</span> <span class='ocrx_word' id='word_1_22' title='bbox 1208 230 1338 270; x_wconf 86' lang='lat' dir='ltr'>propter</span> <span class='ocrx_word' id='word_1_23' title='bbox 1357 226 1531 270; x_wconf 86' lang='lat' dir='ltr'>praemissa</span> <span class='ocrx_word' id='word_1_24' title='bbox 1548 230 1656 259; x_wconf 89' lang='lat' dir='ltr'>eontra</span> <span class='ocrx_word' id='word_1_25' title='bbox 1676 235 1730 260; x_wconf 89' lang='lat' dir='ltr'>eos</span> <span class='ocrx_word' id='word_1_26' title='bbox 1748 236 1819 270; x_wconf 85' lang='lat' dir='ltr'>pro-</span> 
     </span>
     <span class='ocr_line' id='line_1_6' title="bbox 1074 278 1817 319; baseline -0.001 -7"><span class='ocrx_word' id='word_1_27' title='bbox 1074 280 1142 313; x_wconf 92' lang='lat' dir='ltr'>cedi</span> <span class='ocrx_word' id='word_1_28' title='bbox 1160 285 1190 312; x_wconf 85' lang='lat' dir='ltr'>et</span> <span class='ocrx_word' id='word_1_29' title='bbox 1206 279 1348 313; x_wconf 88' lang='lat' dir='ltr'>deveniri</span> <span class='ocrx_word' id='word_1_30' title='bbox 1365 289 1429 313; x_wconf 91' lang='lat' dir='ltr'>non</span> <span class='ocrx_word' id='word_1_31' title='bbox 1446 279 1571 319; x_wconf 79' lang='lat' dir='ltr'>deheat3</span> <span class='ocrx_word' id='word_1_32' title='bbox 1586 290 1656 313; x_wconf 87' lang='lat' dir='ltr'>eum</span> <span class='ocrx_word' id='word_1_33' title='bbox 1674 278 1817 312; x_wconf 88' lang='lat' dir='ltr'>monitio-</span> 
     </span>
    </p>
   </div>
   <div class='ocr_carea' id='block_1_4' title="bbox 1831 177 2026 206">
    <p class='ocr_par' dir='ltr' id='par_1_4' title="bbox 1831 177 2026 206">
     <span class='ocr_line' id='line_1_7' title="bbox 1831 177 2026 206; baseline -0.005 -2"><span class='ocrx_word' id='word_1_34' title='bbox 1831 177 1885 204; x_wconf 79' lang='lat' dir='ltr'>An.</span> <span class='ocrx_word' id='word_1_35' title='bbox 1902 177 1932 205; x_wconf 88' lang='lat' dir='ltr'>C.</span> <span class='ocrx_word' id='word_1_36' title='bbox 1947 177 2026 206; x_wconf 71' lang='lat'>1639.</span> 
     </span>
    </p>
   </div>
   <div class='ocr_carea' id='block_1_5' title="bbox 99 1197 282 1246">
    <p class='ocr_par' dir='ltr' id='par_1_5' title="bbox 99 1197 282 1246">
     <span class='ocr_line' id='line_1_8' title="bbox 126 1197 282 1219; baseline 0 -1"><span class='ocrx_word' id='word_1_37' title='bbox 126 1197 243 1219; x_wconf 53' lang='lat' dir='ltr'>Nonnullae</span> <span class='ocrx_word' id='word_1_38' title='bbox 261 1203 282 1219; x_wconf 73' lang='lat' dir='ltr'>a-</span> 
     </span>
     <span class='ocr_line' id='line_1_9' title="bbox 99 1225 275 1246; baseline -0.011 0"><span class='ocrx_word' id='word_1_39' title='bbox 99 1225 140 1246; x_wconf 69' lang='lat' dir='ltr'>liae</span> <span class='ocrx_word' id='word_1_40' title='bbox 157 1226 275 1246; x_wconf 51' lang='lat' dir='ltr'>facultates.</span> 
     </span>
    </p>
   </div>
   <div class='ocr_carea' id='block_1_6' title="bbox 96 318 1046 2140">
    <p class='ocr_par' dir='ltr' id='par_1_6' title="bbox 96 318 1040 1180">
     <span class='ocr_line' id='line_1_10' title="bbox 96 318 1037 375; baseline 0.002 -11"><span class='ocrx_word' id='word_1_41' title='bbox 96 318 196 343; x_wconf 54' lang='lat' dir='ltr'>&#39;&#39;eumd&#39;&#39;</span> <span class='ocrx_word' id='word_1_42' title='bbox 298 333 552 375; x_wconf 72' lang='lat' dir='ltr'>congregationis</span> <span class='ocrx_word' id='word_1_43' title='bbox 565 338 594 364; x_wconf 86' lang='lat' dir='ltr'>et</span> <span class='ocrx_word' id='word_1_44' title='bbox 608 332 739 366; x_wconf 88' lang='lat' dir='ltr'>instituti</span> <span class='ocrx_word' id='word_1_45' title='bbox 758 333 930 375; x_wconf 82' lang='lat' dir='ltr'>regulares,</span> <span class='ocrx_word' id='word_1_46' title='bbox 945 334 1037 367; x_wconf 90' lang='lat' dir='ltr'>etiam</span> 
     </span>
     <span class='ocr_line' id='line_1_11' title="bbox 297 386 1038 431; baseline 0.004 -14"><span class='ocrx_word' id='word_1_47' title='bbox 297 386 525 429; x_wconf 87' lang='lat' dir='ltr'>quantumlibet</span> <span class='ocrx_word' id='word_1_48' title='bbox 551 391 722 429; x_wconf 75' lang='lat' dir='ltr'>exemptos,</span> <span class='ocrx_word' id='word_1_49' title='bbox 747 392 930 431; x_wconf 89' lang='lat' dir='ltr'>ceterasque</span> <span class='ocrx_word' id='word_1_50' title='bbox 949 398 1038 430; x_wconf 87' lang='lat' dir='ltr'>quas-</span> 
     </span>
     <span class='ocr_line' id='line_1_12' title="bbox 298 440 1037 484; baseline 0.003 -13"><span class='ocrx_word' id='word_1_51' title='bbox 298 440 374 472; x_wconf 87' lang='lat' dir='ltr'>libet</span> <span class='ocrx_word' id='word_1_52' title='bbox 389 449 539 483; x_wconf 82' lang='lat' dir='ltr'>personas</span> <span class='ocrx_word' id='word_1_53' title='bbox 549 440 787 481; x_wconf 85' lang='lat' dir='ltr'>ecclesiasticas,</span> <span class='ocrx_word' id='word_1_54' title='bbox 802 440 897 474; x_wconf 86' lang='lat' dir='ltr'>etiam</span> <span class='ocrx_word' id='word_1_55' title='bbox 911 441 1037 484; x_wconf 83' lang='lat' dir='ltr'>speciali</span> 
     </span>
     <span class='ocr_line' id='line_1_13' title="bbox 296 491 1039 537; baseline 0.004 -14"><span class='ocrx_word' id='word_1_56' title='bbox 296 494 369 524; x_wconf 82' lang='lat' dir='ltr'>nota</span> <span class='ocrx_word' id='word_1_57' title='bbox 393 491 515 534; x_wconf 78' lang='lat' dir='ltr'>dignos,</span> <span class='ocrx_word' id='word_1_58' title='bbox 541 498 575 525; x_wconf 89' lang='lat' dir='ltr'>ut</span> <span class='ocrx_word' id='word_1_59' title='bbox 597 493 784 537; x_wconf 84' lang='lat' dir='ltr'>praefertur,</span> <span class='ocrx_word' id='word_1_60' title='bbox 801 504 865 527; x_wconf 87' lang='lat' dir='ltr'>non</span> <span class='ocrx_word' id='word_1_61' title='bbox 887 494 989 527; x_wconf 90' lang='lat' dir='ltr'>solum</span> <span class='ocrx_word' id='word_1_62' title='bbox 1008 494 1039 526; x_wconf 92' lang='lat' dir='ltr'>in</span> 
     </span>
     <span class='ocr_line' id='line_1_14' title="bbox 296 544 1038 590; baseline 0.005 -14"><span class='ocrx_word' id='word_1_63' title='bbox 296 544 379 576; x_wconf 65' lang='lat' dir='ltr'>dicta.</span> <span class='ocrx_word' id='word_1_64' title='bbox 404 545 528 578; x_wconf 88' lang='lat' dir='ltr'>civitate</span> <span class='ocrx_word' id='word_1_65' title='bbox 545 546 673 590; x_wconf 87' lang='lat' dir='ltr'>eiusque</span> <span class='ocrx_word' id='word_1_66' title='bbox 700 547 843 580; x_wconf 88' lang='lat' dir='ltr'>districtu</span> <span class='ocrx_word' id='word_1_67' title='bbox 865 552 894 580; x_wconf 86' lang='lat' dir='ltr'>et</span> <span class='ocrx_word' id='word_1_68' title='bbox 911 548 1038 589; x_wconf 75' lang='lat' dir='ltr'>ditione,</span> 
     </span>
     <span class='ocr_line' id='line_1_15' title="bbox 297 597 1039 633; baseline 0.007 -5"><span class='ocrx_word' id='word_1_69' title='bbox 297 597 349 629; x_wconf 72' lang='lat' dir='ltr'>sed</span> <span class='ocrx_word' id='word_1_70' title='bbox 375 598 406 629; x_wconf 91' lang='lat' dir='ltr'>in</span> <span class='ocrx_word' id='word_1_71' title='bbox 431 598 500 630; x_wconf 85' lang='lat' dir='ltr'>aliis</span> <span class='ocrx_word' id='word_1_72' title='bbox 523 599 700 633; x_wconf 81' lang='lat' dir='ltr'>civitatibus</span> <span class='ocrx_word' id='word_1_73' title='bbox 734 606 763 633; x_wconf 90' lang='lat' dir='ltr'>ct</span> <span class='ocrx_word' id='word_1_74' title='bbox 793 601 870 633; x_wconf 84' lang='lat' dir='ltr'>locis</span> <span class='ocrx_word' id='word_1_75' title='bbox 899 601 1039 633; x_wconf 81' lang='lat' dir='ltr'>finitimis</span> 
     </span>
     <span class='ocr_line' id='line_1_16' title="bbox 296 651 1038 695; baseline 0.005 -13"><span class='ocrx_word' id='word_1_76' title='bbox 296 661 351 683; x_wconf 81' lang='lat' dir='ltr'>seu</span> <span class='ocrx_word' id='word_1_77' title='bbox 376 651 419 684; x_wconf 93' lang='lat' dir='ltr'>illi</span> <span class='ocrx_word' id='word_1_78' title='bbox 436 652 594 695; x_wconf 73' lang='lat' dir='ltr'>contiguis</span> <span class='ocrx_word' id='word_1_79' title='bbox 608 658 638 686; x_wconf 85' lang='lat' dir='ltr'>et</span> <span class='ocrx_word' id='word_1_80' title='bbox 657 653 778 694; x_wconf 81' lang='lat' dir='ltr'>vicinis,</span> <span class='ocrx_word' id='word_1_81' title='bbox 796 665 832 686; x_wconf 89' lang='lat' dir='ltr'>ac</span> <span class='ocrx_word' id='word_1_82' title='bbox 846 654 931 694; x_wconf 85' lang='lat' dir='ltr'>alibi,</span> <span class='ocrx_word' id='word_1_83' title='bbox 946 655 1038 687; x_wconf 88' lang='lat' dir='ltr'>etiam</span> 
     </span>
     <span class='ocr_line' id='line_1_17' title="bbox 297 705 1040 751; baseline 0.005 -15"><span class='ocrx_word' id='word_1_84' title='bbox 297 708 384 737; x_wconf 74' lang='lat' dir='ltr'>extra</span> <span class='ocrx_word' id='word_1_85' title='bbox 409 705 584 738; x_wconf 90' lang='lat' dir='ltr'>dominium</span> <span class='ocrx_word' id='word_1_86' title='bbox 610 706 711 739; x_wconf 84' lang='lat' dir='ltr'>dictae</span> <span class='ocrx_word' id='word_1_87' title='bbox 728 707 930 751; x_wconf 83' lang='lat' dir='ltr'>Reipublicae</span> <span class='ocrx_word' id='word_1_88' title='bbox 957 718 1040 741; x_wconf 89' lang='lat' dir='ltr'>com-</span> 
     </span>
     <span class='ocr_line' id='line_1_18' title="bbox 298 760 1040 804; baseline 0.007 -15"><span class='ocrx_word' id='word_1_89' title='bbox 298 762 466 799; x_wconf 87' lang='lat' dir='ltr'>morantes,</span> <span class='ocrx_word' id='word_1_90' title='bbox 485 764 515 791; x_wconf 91' lang='lat' dir='ltr'>et</span> <span class='ocrx_word' id='word_1_91' title='bbox 531 760 723 804; x_wconf 87' lang='lat' dir='ltr'>ubicumque</span> <span class='ocrx_word' id='word_1_92' title='bbox 748 761 890 794; x_wconf 83' lang='lat' dir='ltr'>locorum</span> <span class='ocrx_word' id='word_1_93' title='bbox 908 761 1040 794; x_wconf 83' lang='lat' dir='ltr'>existen-</span> 
     </span>
     <span class='ocr_line' id='line_1_19' title="bbox 297 812 1039 856; baseline 0.005 -12"><span class='ocrx_word' id='word_1_94' title='bbox 297 815 353 853; x_wconf 85' lang='lat' dir='ltr'>tes,</span> <span class='ocrx_word' id='word_1_95' title='bbox 367 812 406 844; x_wconf 87' lang='lat' dir='ltr'>ad</span> <span class='ocrx_word' id='word_1_96' title='bbox 430 813 661 856; x_wconf 81' lang='lat' dir='ltr'>perhibendum</span> <span class='ocrx_word' id='word_1_97' title='bbox 683 815 900 848; x_wconf 86' lang='lat' dir='ltr'>testimonium</span> <span class='ocrx_word' id='word_1_98' title='bbox 918 816 1039 848; x_wconf 89' lang='lat' dir='ltr'>veritati</span> 
     </span>
     <span class='ocr_line' id='line_1_20' title="bbox 299 867 1040 913; baseline 0.005 -15"><span class='ocrx_word' id='word_1_99' title='bbox 299 875 394 910; x_wconf 87' lang='lat' dir='ltr'>super</span> <span class='ocrx_word' id='word_1_100' title='bbox 417 867 599 910; x_wconf 69' lang='lat' dir='ltr'>praemissis</span> <span class='ocrx_word' id='word_1_101' title='bbox 620 873 650 900; x_wconf 91' lang='lat' dir='ltr'>et</span> <span class='ocrx_word' id='word_1_102' title='bbox 674 867 744 900; x_wconf 86' lang='lat' dir='ltr'>aliis</span> <span class='ocrx_word' id='word_1_103' title='bbox 769 869 958 912; x_wconf 87' lang='lat' dir='ltr'>supradictis</span> <span class='ocrx_word' id='word_1_104' title='bbox 982 880 1040 913; x_wconf 86' lang='lat' dir='ltr'>per</span> 
     </span>
     <span class='ocr_line' id='line_1_21' title="bbox 297 920 1040 966; baseline 0.005 -15"><span class='ocrx_word' id='word_1_105' title='bbox 297 925 478 962; x_wconf 81' lang='lat' dir='ltr'>opportuna</span> <span class='ocrx_word' id='word_1_106' title='bbox 502 920 579 953; x_wconf 89' lang='lat' dir='ltr'>iuris</span> <span class='ocrx_word' id='word_1_107' title='bbox 604 926 633 954; x_wconf 89' lang='lat' dir='ltr'>et</span> <span class='ocrx_word' id='word_1_108' title='bbox 658 921 729 954; x_wconf 83' lang='lat' dir='ltr'>sacti</span> <span class='ocrx_word' id='word_1_109' title='bbox 755 922 904 963; x_wconf 89' lang='lat' dir='ltr'>remedia,</span> <span class='ocrx_word' id='word_1_110' title='bbox 929 933 964 955; x_wconf 90' lang='lat' dir='ltr'>ac</span> <span class='ocrx_word' id='word_1_111' title='bbox 984 934 1040 966; x_wconf 88' lang='lat' dir='ltr'>per</span> 
     </span>
     <span class='ocr_line' id='line_1_22' title="bbox 298 975 1039 1018; baseline 0.007 -14"><span class='ocrx_word' id='word_1_112' title='bbox 298 983 448 1006; x_wconf 88' lang='lat' dir='ltr'>censuras</span> <span class='ocrx_word' id='word_1_113' title='bbox 479 979 509 1007; x_wconf 82' lang='lat' dir='ltr'>et</span> <span class='ocrx_word' id='word_1_114' title='bbox 542 984 660 1018; x_wconf 87' lang='lat' dir='ltr'>poenas</span> <span class='ocrx_word' id='word_1_115' title='bbox 690 975 935 1018; x_wconf 84' lang='lat' dir='ltr'>ecclesiasticas,</span> <span class='ocrx_word' id='word_1_116' title='bbox 969 987 1039 1009; x_wconf 90' lang='lat' dir='ltr'>cum</span> 
     </span>
     <span class='ocr_line' id='line_1_23' title="bbox 298 1025 1040 1073; baseline 0.007 -16"><span class='ocrx_word' id='word_1_117' title='bbox 298 1025 347 1059; x_wconf 80' lang='lat' dir='ltr'>liis</span> <span class='ocrx_word' id='word_1_118' title='bbox 371 1027 522 1060; x_wconf 89' lang='lat' dir='ltr'>nimirum</span> <span class='ocrx_word' id='word_1_119' title='bbox 547 1028 691 1071; x_wconf 84' lang='lat' dir='ltr'>personis</span> <span class='ocrx_word' id='word_1_120' title='bbox 716 1039 786 1061; x_wconf 87' lang='lat' dir='ltr'>cum</span> <span class='ocrx_word' id='word_1_121' title='bbox 813 1029 927 1073; x_wconf 88' lang='lat' dir='ltr'>quibus</span> <span class='ocrx_word' id='word_1_122' title='bbox 950 1034 983 1062; x_wconf 85' lang='lat' dir='ltr'>tu</span> <span class='ocrx_word' id='word_1_123' title='bbox 1000 1030 1040 1062; x_wconf 89' lang='lat' dir='ltr'>ita</span> 
     </span>
     <span class='ocr_line' id='line_1_24' title="bbox 298 1081 1040 1124; baseline 0.004 -11"><span class='ocrx_word' id='word_1_124' title='bbox 298 1090 377 1124; x_wconf 87' lang='lat' dir='ltr'>opus</span> <span class='ocrx_word' id='word_1_125' title='bbox 402 1091 469 1114; x_wconf 85' lang='lat' dir='ltr'>esse</span> <span class='ocrx_word' id='word_1_126' title='bbox 494 1081 702 1124; x_wconf 77' lang='lat' dir='ltr'>indicaveris,</span> <span class='ocrx_word' id='word_1_127' title='bbox 726 1084 912 1117; x_wconf 87' lang='lat' dir='ltr'>auctoritate</span> <span class='ocrx_word' id='word_1_128' title='bbox 931 1085 1040 1116; x_wconf 77' lang='lat' dir='ltr'>nostra</span> 
     </span>
     <span class='ocr_line' id='line_1_25' title="bbox 299 1136 664 1180; baseline 0.008 -14"><span class='ocrx_word' id='word_1_129' title='bbox 299 1144 394 1177; x_wconf 79' lang='lat' dir='ltr'>cogas</span> <span class='ocrx_word' id='word_1_130' title='bbox 419 1140 450 1168; x_wconf 87' lang='lat' dir='ltr'>et</span> <span class='ocrx_word' id='word_1_131' title='bbox 474 1136 664 1180; x_wconf 76' lang='lat' dir='ltr'>compellas3</span> 
     </span>
    </p>

    <p class='ocr_par' dir='ltr' id='par_1_7' title="bbox 299 1187 1046 2140">
     <span class='ocr_line' id='line_1_26' title="bbox 344 1187 1041 1234; baseline 0.004 -14"><span class='ocrx_word' id='word_1_132' title='bbox 344 1188 358 1231; x_wconf 59' lang='grc' dir='ltr'><strong>ἓ</strong></span> <span class='ocrx_word' id='word_1_133' title='bbox 383 1187 412 1221; x_wconf 85' lang='grc'>5.</span> <span class='ocrx_word' id='word_1_134' title='bbox 438 1188 551 1222; x_wconf 86' lang='lat' dir='ltr'>Dantes</span> <span class='ocrx_word' id='word_1_135' title='bbox 576 1190 632 1222; x_wconf 81' lang='lat' dir='ltr'>tibi</span> <span class='ocrx_word' id='word_1_136' title='bbox 657 1190 787 1234; x_wconf 76' lang='lat' dir='ltr'>insuper</span> <span class='ocrx_word' id='word_1_137' title='bbox 812 1190 990 1224; x_wconf 75' lang='lat' dir='ltr'>facultatem</span> <span class='ocrx_word' id='word_1_138' title='bbox 1012 1196 1041 1224; x_wconf 91' lang='lat' dir='ltr'>et</span> 
     </span>
     <span class='ocr_line' id='line_1_27' title="bbox 299 1243 1042 1287; baseline 0.004 -14"><span class='ocrx_word' id='word_1_139' title='bbox 299 1247 505 1285; x_wconf 80' lang='lat' dir='ltr'>potestatem,</span> <span class='ocrx_word' id='word_1_140' title='bbox 529 1247 591 1275; x_wconf 86' lang='lat' dir='ltr'>tam</span> <span class='ocrx_word' id='word_1_141' title='bbox 618 1243 809 1277; x_wconf 87' lang='lat' dir='ltr'>coniunctim</span> <span class='ocrx_word' id='word_1_142' title='bbox 841 1254 934 1287; x_wconf 89' lang='lat' dir='ltr'>quam</span> <span class='ocrx_word' id='word_1_143' title='bbox 965 1244 1042 1277; x_wconf 89' lang='lat' dir='ltr'>divi-</span> 
     </span>
     <span class='ocr_line' id='line_1_28' title="bbox 300 1295 1042 1337; baseline 0.005 -10"><span class='ocrx_word' id='word_1_144' title='bbox 300 1295 369 1336; x_wconf 72' lang='lat' dir='ltr'>sim,</span> <span class='ocrx_word' id='word_1_145' title='bbox 394 1296 546 1337; x_wconf 77' lang='lat' dir='ltr'>amianas,</span> <span class='ocrx_word' id='word_1_146' title='bbox 571 1297 779 1330; x_wconf 75' lang='lat' dir='ltr'>vexilliferum</span> <span class='ocrx_word' id='word_1_147' title='bbox 795 1302 825 1330; x_wconf 90' lang='lat' dir='ltr'>ct</span> <span class='ocrx_word' id='word_1_148' title='bbox 844 1298 1042 1331; x_wconf 73' lang='lat' dir='ltr'>consiliarios</span> 
     </span>
     <span class='ocr_line' id='line_1_29' title="bbox 300 1348 1041 1395; baseline 0.003 -14"><span class='ocrx_word' id='word_1_149' title='bbox 300 1348 492 1390; x_wconf 78' lang='lat' dir='ltr'>huiusmodi,</span> <span class='ocrx_word' id='word_1_150' title='bbox 509 1350 609 1384; x_wconf 88' lang='lat' dir='ltr'>dictae</span> <span class='ocrx_word' id='word_1_151' title='bbox 630 1351 762 1385; x_wconf 87' lang='lat' dir='ltr'>civitatis</span> <span class='ocrx_word' id='word_1_152' title='bbox 787 1356 817 1384; x_wconf 87' lang='lat' dir='ltr'>et</span> <span class='ocrx_word' id='word_1_153' title='bbox 840 1351 1041 1395; x_wconf 79' lang='lat' dir='ltr'>Reipublicae</span> 
     </span>
     <span class='ocr_line' id='line_1_30' title="bbox 300 1403 1042 1449; baseline 0.004 -15"><span class='ocrx_word' id='word_1_154' title='bbox 300 1403 466 1444; x_wconf 82' lang='lat' dir='ltr'>officiales,</span> <span class='ocrx_word' id='word_1_155' title='bbox 492 1404 611 1437; x_wconf 84' lang='lat' dir='ltr'>iudices</span> <span class='ocrx_word' id='word_1_156' title='bbox 636 1408 666 1438; x_wconf 87' lang='lat' dir='ltr'>et</span> <span class='ocrx_word' id='word_1_157' title='bbox 690 1405 869 1445; x_wconf 86' lang='lat' dir='ltr'>ministros,</span> <span class='ocrx_word' id='word_1_158' title='bbox 901 1405 1042 1449; x_wconf 86' lang='lat' dir='ltr'>aliosque</span> 
     </span>
     <span class='ocr_line' id='line_1_31' title="bbox 299 1456 1041 1501; baseline 0.004 -14"><span class='ocrx_word' id='word_1_159' title='bbox 299 1456 471 1500; x_wconf 65' lang='lat' dir='ltr'>culpabiles</span> <span class='ocrx_word' id='word_1_160' title='bbox 495 1467 724 1501; x_wconf 88' lang='lat' dir='ltr'>quoscumque,</span> <span class='ocrx_word' id='word_1_161' title='bbox 749 1458 876 1498; x_wconf 88' lang='lat' dir='ltr'>citandi,</span> <span class='ocrx_word' id='word_1_162' title='bbox 894 1458 1041 1491; x_wconf 90' lang='lat' dir='ltr'>monendi</span> 
     </span>
     <span class='ocr_line' id='line_1_32' title="bbox 299 1511 1043 1555; baseline 0.004 -14"><span class='ocrx_word' id='word_1_163' title='bbox 299 1515 328 1541; x_wconf 86' lang='lat' dir='ltr'>ct</span> <span class='ocrx_word' id='word_1_164' title='bbox 354 1511 535 1554; x_wconf 89' lang='lat' dir='ltr'>requirendi</span> <span class='ocrx_word' id='word_1_165' title='bbox 569 1511 607 1543; x_wconf 92' lang='lat' dir='ltr'>ad</span> <span class='ocrx_word' id='word_1_166' title='bbox 644 1512 854 1555; x_wconf 85' lang='lat' dir='ltr'>personaliter</span> <span class='ocrx_word' id='word_1_167' title='bbox 890 1522 945 1544; x_wconf 85' lang='lat' dir='ltr'>seu</span> <span class='ocrx_word' id='word_1_168' title='bbox 970 1512 1043 1555; x_wconf 78' lang='lat' dir='ltr'>legi-</span> 
     </span>
     <span class='ocr_line' id='line_1_33' title="bbox 300 1562 1043 1608; baseline 0.007 -15"><span class='ocrx_word' id='word_1_169' title='bbox 300 1562 375 1595; x_wconf 83' lang='lat' dir='ltr'>time</span> <span class='ocrx_word' id='word_1_170' title='bbox 401 1574 457 1606; x_wconf 85' lang='lat' dir='ltr'>per</span> <span class='ocrx_word' id='word_1_171' title='bbox 481 1569 720 1607; x_wconf 89' lang='lat' dir='ltr'>procuratorem</span> <span class='ocrx_word' id='word_1_172' title='bbox 753 1565 928 1608; x_wconf 69' lang='lat' dir='ltr'>respective</span> <span class='ocrx_word' id='word_1_173' title='bbox 960 1575 1043 1598; x_wconf 89' lang='lat' dir='ltr'>com-</span> 
     </span>
     <span class='ocr_line' id='line_1_34' title="bbox 300 1617 1041 1663; baseline 0.007 -16"><span class='ocrx_word' id='word_1_174' title='bbox 300 1617 474 1659; x_wconf 78' lang='lat' dir='ltr'>parendum</span> <span class='ocrx_word' id='word_1_175' title='bbox 512 1623 542 1650; x_wconf 89' lang='lat' dir='ltr'>et</span> <span class='ocrx_word' id='word_1_176' title='bbox 574 1629 606 1651; x_wconf 90' lang='lat' dir='ltr'>se</span> <span class='ocrx_word' id='word_1_177' title='bbox 634 1619 727 1651; x_wconf 86' lang='lat' dir='ltr'>etiam</span> <span class='ocrx_word' id='word_1_178' title='bbox 758 1619 1041 1663; x_wconf 82' lang='lat' dir='ltr'>praesentandum,</span> 
     </span>
     <span class='ocr_line' id='line_1_35' title="bbox 300 1670 1042 1716; baseline 0.005 -15"><span class='ocrx_word' id='word_1_179' title='bbox 300 1670 381 1702; x_wconf 84' lang='lat' dir='ltr'>infra</span> <span class='ocrx_word' id='word_1_180' title='bbox 423 1671 593 1704; x_wconf 88' lang='lat' dir='ltr'>terminum</span> <span class='ocrx_word' id='word_1_181' title='bbox 633 1672 770 1715; x_wconf 85' lang='lat' dir='ltr'>aliquem</span> <span class='ocrx_word' id='word_1_182' title='bbox 810 1678 1042 1716; x_wconf 81' lang='lat' dir='ltr'>competentem</span> 
     </span>
     <span class='ocr_line' id='line_1_36' title="bbox 300 1722 1043 1767; baseline 0.008 -14"><span class='ocrx_word' id='word_1_183' title='bbox 300 1722 432 1756; x_wconf 84' lang='lat' dir='ltr'>arbitrio</span> <span class='ocrx_word' id='word_1_184' title='bbox 457 1734 514 1757; x_wconf 90' lang='lat' dir='ltr'>suo</span> <span class='ocrx_word' id='word_1_185' title='bbox 531 1725 782 1767; x_wconf 77' lang='lat' dir='ltr'>praefigendum,</span> <span class='ocrx_word' id='word_1_186' title='bbox 800 1736 907 1758; x_wconf 89' lang='lat' dir='ltr'>coram</span> <span class='ocrx_word' id='word_1_187' title='bbox 928 1726 1043 1759; x_wconf 85' lang='lat' dir='ltr'>dilecto</span> 
     </span>
     <span class='ocr_line' id='line_1_37' title="bbox 299 1776 1042 1821; baseline 0.005 -14"><span class='ocrx_word' id='word_1_188' title='bbox 299 1776 365 1809; x_wconf 75' lang='lat' dir='ltr'>silio</span> <span class='ocrx_word' id='word_1_189' title='bbox 383 1777 534 1819; x_wconf 80' lang='lat' dir='ltr'>magistro</span> <span class='ocrx_word' id='word_1_190' title='bbox 551 1777 720 1811; x_wconf 87' lang='lat' dir='ltr'>Octaviano</span> <span class='ocrx_word' id='word_1_191' title='bbox 740 1779 860 1821; x_wconf 70' lang='lat' dir='ltr'>Bag-gio</span> <span class='ocrx_word' id='word_1_192' title='bbox 878 1790 1042 1812; x_wconf 80' lang='lat' dir='ltr'>causarum</span> 
     </span>
     <span class='ocr_line' id='line_1_38' title="bbox 301 1829 1039 1875; baseline 0.007 -15"><span class='ocrx_word' id='word_1_193' title='bbox 301 1829 406 1861; x_wconf 81' lang='lat' dir='ltr'>curiae</span> <span class='ocrx_word' id='word_1_194' title='bbox 431 1830 531 1862; x_wconf 87' lang='lat' dir='ltr'>dictae</span> <span class='ocrx_word' id='word_1_195' title='bbox 556 1840 701 1863; x_wconf 83' lang='lat' dir='ltr'>camerae</span> <span class='ocrx_word' id='word_1_196' title='bbox 726 1832 918 1875; x_wconf 87' lang='lat' dir='ltr'>apostolicae</span> <span class='ocrx_word' id='word_1_197' title='bbox 942 1842 1039 1874; x_wconf 72' lang='lat' dir='ltr'>gene-</span> 
     </span>
     <span class='ocr_line' id='line_1_39' title="bbox 302 1883 1043 1928; baseline 0.004 -14"><span class='ocrx_word' id='word_1_198' title='bbox 302 1883 358 1914; x_wconf 89' lang='lat' dir='ltr'>rali</span> <span class='ocrx_word' id='word_1_199' title='bbox 383 1883 525 1916; x_wconf 83' lang='lat' dir='ltr'>auditore</span> <span class='ocrx_word' id='word_1_200' title='bbox 550 1884 789 1928; x_wconf 75' lang='lat' dir='ltr'>litterarumque</span> <span class='ocrx_word' id='word_1_201' title='bbox 819 1890 849 1917; x_wconf 88' lang='lat' dir='ltr'>et</span> <span class='ocrx_word' id='word_1_202' title='bbox 877 1885 1043 1917; x_wconf 86' lang='lat' dir='ltr'>sententia-</span> 
     </span>
     <span class='ocr_line' id='line_1_40' title="bbox 302 1937 1044 1979; baseline -0.001 -12"><span class='ocrx_word' id='word_1_203' title='bbox 302 1947 372 1968; x_wconf 86' lang='lat' dir='ltr'>rum</span> <span class='ocrx_word' id='word_1_204' title='bbox 398 1937 644 1979; x_wconf 80' lang='lat' dir='ltr'>apostolicarum</span> <span class='ocrx_word' id='word_1_205' title='bbox 669 1948 703 1970; x_wconf 89' lang='lat' dir='ltr'>ac</span> <span class='ocrx_word' id='word_1_206' title='bbox 725 1948 930 1970; x_wconf 73' lang='lat' dir='ltr'>censurarum</span> <span class='ocrx_word' id='word_1_207' title='bbox 950 1938 1044 1970; x_wconf 73' lang='lat' dir='ltr'>eccle-</span> 
     </span>
     <span class='ocr_line' id='line_1_41' title="bbox 303 1989 1042 2034; baseline 0.003 -13"><span class='ocrx_word' id='word_1_208' title='bbox 303 1989 497 2023; x_wconf 74' lang='lat' dir='ltr'>siasticarum</span> <span class='ocrx_word' id='word_1_209' title='bbox 524 1997 728 2034; x_wconf 63' lang='lat' dir='ltr'>exequutorc,</span> <span class='ocrx_word' id='word_1_210' title='bbox 754 1991 791 2023; x_wconf 90' lang='lat' dir='ltr'>ad</span> <span class='ocrx_word' id='word_1_211' title='bbox 814 1991 1042 2024; x_wconf 86' lang='lat' dir='ltr'>ostendendum</span> 
     </span>
     <span class='ocr_line' id='line_1_42' title="bbox 303 2042 1044 2084; baseline 0.004 -10"><span class='ocrx_word' id='word_1_212' title='bbox 303 2047 329 2074; x_wconf 76' lang='lat' dir='ltr'>et</span> <span class='ocrx_word' id='word_1_213' title='bbox 356 2042 533 2075; x_wconf 88' lang='lat' dir='ltr'>docendum</span> <span class='ocrx_word' id='word_1_214' title='bbox 564 2054 596 2076; x_wconf 87' lang='lat' dir='ltr'>se</span> <span class='ocrx_word' id='word_1_215' title='bbox 628 2044 788 2084; x_wconf 86' lang='lat' dir='ltr'>citationi,</span> <span class='ocrx_word' id='word_1_216' title='bbox 819 2044 984 2077; x_wconf 88' lang='lat' dir='ltr'>monitioni</span> <span class='ocrx_word' id='word_1_217' title='bbox 1015 2048 1044 2077; x_wconf 86' lang='lat' dir='ltr'>et</span> 
     </span>
     <span class='ocr_line' id='line_1_43' title="bbox 303 2098 1046 2140; baseline 0.001 -12"><span class='ocrx_word' id='word_1_218' title='bbox 303 2098 499 2140; x_wconf 82' lang='lat' dir='ltr'>requisitioni</span> <span class='ocrx_word' id='word_1_219' title='bbox 525 2098 705 2130; x_wconf 82' lang='lat' dir='ltr'>huiusmodi</span> <span class='ocrx_word' id='word_1_220' title='bbox 724 2099 851 2131; x_wconf 63' lang='lat' dir='ltr'>realiter</span> <span class='ocrx_word' id='word_1_221' title='bbox 871 2104 900 2130; x_wconf 88' lang='lat' dir='ltr'>et</span> <span class='ocrx_word' id='word_1_222' title='bbox 918 2109 987 2130; x_wconf 87' lang='lat' dir='ltr'>cum</span> <span class='ocrx_word' id='word_1_223' title='bbox 1006 2098 1046 2130; x_wconf 78' lang='lat' dir='ltr'>cs-</span> 
     </span>
    </p>
   </div>
   <div class='ocr_carea' id='block_1_7' title="bbox 305 2311 1047 2625">
    <p class='ocr_par' dir='ltr' id='par_1_8' title="bbox 305 2311 1047 2625">
     <span class='ocr_line' id='line_1_44' title="bbox 306 2311 1044 2353; baseline 0.003 -11"><span class='ocrx_word' id='word_1_224' title='bbox 306 2311 489 2351; x_wconf 78' lang='lat' dir='ltr'>iucu1·rissc;</span> <span class='ocrx_word' id='word_1_225' title='bbox 508 2312 554 2344; x_wconf 84' lang='lat' dir='ltr'>vel</span> <span class='ocrx_word' id='word_1_226' title='bbox 569 2312 606 2344; x_wconf 86' lang='lat' dir='ltr'>ad</span> <span class='ocrx_word' id='word_1_227' title='bbox 623 2312 790 2344; x_wconf 83' lang='lat' dir='ltr'>dicendum</span> <span class='ocrx_word' id='word_1_228' title='bbox 806 2318 833 2344; x_wconf 87' lang='lat' dir='ltr'>ct</span> <span class='ocrx_word' id='word_1_229' title='bbox 849 2312 1044 2353; x_wconf 66' lang='lat' dir='ltr'>allegandam</span> 
     </span>
     <span class='ocr_line' id='line_1_45' title="bbox 306 2365 1046 2408; baseline 0.003 -12"><span class='ocrx_word' id='word_1_230' title='bbox 306 2375 440 2406; x_wconf 69' lang='lat' dir='ltr'>causam,</span> <span class='ocrx_word' id='word_1_231' title='bbox 460 2366 483 2397; x_wconf 76' lang='lat' dir='ltr'>si</span> <span class='ocrx_word' id='word_1_232' title='bbox 503 2376 596 2408; x_wconf 85' lang='lat' dir='ltr'>quain</span> <span class='ocrx_word' id='word_1_233' title='bbox 623 2365 738 2398; x_wconf 85' lang='lat' dir='ltr'>habent</span> <span class='ocrx_word' id='word_1_234' title='bbox 759 2365 988 2406; x_wconf 83' lang='lat' dir='ltr'>rationabilem,</span> <span class='ocrx_word' id='word_1_235' title='bbox 1006 2366 1046 2399; x_wconf 88' lang='lat' dir='ltr'>ob</span> 
     </span>
     <span class='ocr_line' id='line_1_46' title="bbox 305 2420 1045 2462; baseline 0.005 -13"><span class='ocrx_word' id='word_1_236' title='bbox 305 2430 397 2461; x_wconf 87' lang='lat' dir='ltr'>quam</span> <span class='ocrx_word' id='word_1_237' title='bbox 420 2420 592 2462; x_wconf 78' lang='lat' dir='ltr'>praemissa</span> <span class='ocrx_word' id='word_1_238' title='bbox 605 2421 708 2453; x_wconf 81' lang='lat' dir='ltr'>facere</span> <span class='ocrx_word' id='word_1_239' title='bbox 723 2420 851 2452; x_wconf 88' lang='lat' dir='ltr'>minime</span> <span class='ocrx_word' id='word_1_240' title='bbox 870 2425 1045 2460; x_wconf 85' lang='lat' dir='ltr'>teneantur,</span> 
     </span>
     <span class='ocr_line' id='line_1_47' title="bbox 306 2474 1047 2518; baseline 0.003 -14"><span class='ocrx_word' id='word_1_241' title='bbox 306 2478 335 2504; x_wconf 75' lang='lat' dir='ltr'>rt</span> <span class='ocrx_word' id='word_1_242' title='bbox 359 2483 455 2516; x_wconf 86' lang='lat' dir='ltr'>quare</span> <span class='ocrx_word' id='word_1_243' title='bbox 480 2474 517 2505; x_wconf 90' lang='lat' dir='ltr'>ad</span> <span class='ocrx_word' id='word_1_244' title='bbox 543 2475 785 2518; x_wconf 83' lang='lat' dir='ltr'>exequutionem</span> <span class='ocrx_word' id='word_1_245' title='bbox 804 2474 957 2506; x_wconf 86' lang='lat' dir='ltr'>dictarum</span> <span class='ocrx_word' id='word_1_246' title='bbox 975 2485 1047 2518; x_wconf 81' lang='lat' dir='ltr'>poe-</span> 
     </span>
     <span class='ocr_line' id='line_1_48' title="bbox 307 2526 1045 2570; baseline 0.005 -14"><span class='ocrx_word' id='word_1_247' title='bbox 307 2535 418 2557; x_wconf 80' lang='lat' dir='ltr'>narum</span> <span class='ocrx_word' id='word_1_248' title='bbox 453 2532 482 2559; x_wconf 87' lang='lat' dir='ltr'>et</span> <span class='ocrx_word' id='word_1_249' title='bbox 510 2526 547 2559; x_wconf 82' lang='lat' dir='ltr'>ad</span> <span class='ocrx_word' id='word_1_250' title='bbox 579 2528 638 2560; x_wconf 87' lang='lat' dir='ltr'>alia</span> <span class='ocrx_word' id='word_1_251' title='bbox 669 2527 761 2561; x_wconf 84' lang='lat' dir='ltr'>ctiam</span> <span class='ocrx_word' id='word_1_252' title='bbox 793 2528 939 2570; x_wconf 81' lang='lat' dir='ltr'>graviora</span> <span class='ocrx_word' id='word_1_253' title='bbox 969 2528 1045 2560; x_wconf 89' lang='lat' dir='ltr'>iuris</span> 
     </span>
     <span class='ocr_line' id='line_1_49' title="bbox 308 2580 1047 2625; baseline 0.001 -14"><span class='ocrx_word' id='word_1_254' title='bbox 308 2580 455 2616; x_wconf 78' lang='lat' dir='ltr'>remedia,</span> <span class='ocrx_word' id='word_1_255' title='bbox 476 2594 533 2624; x_wconf 69' lang='lat' dir='ltr'>per</span> <span class='ocrx_word' id='word_1_256' title='bbox 551 2592 616 2616; x_wconf 70' lang='lat' dir='ltr'>nos,</span> <span class='ocrx_word' id='word_1_257' title='bbox 635 2593 705 2614; x_wconf 68' lang='lat' dir='ltr'>rum</span> <span class='ocrx_word' id='word_1_258' title='bbox 725 2592 803 2625; x_wconf 61' lang='lat' dir='ltr'>[qius</span> <span class='ocrx_word' id='word_1_259' title='bbox 826 2581 929 2621; x_wconf 71' lang='lat' dir='ltr'>suerit,</span> <span class='ocrx_word' id='word_1_260' title='bbox 947 2581 1047 2613; x_wconf 69' lang='lat' dir='ltr'>derla-</span> 
     </span>
    </p>
   </div>
   <div class='ocr_carea' id='block_1_8' title="bbox 1054 240 1066 2585">
    <p class='ocr_par' dir='ltr' id='par_1_9' title="bbox 1054 240 1066 2585">
     <span class='ocr_line' id='line_1_50' title="bbox 1054 240 1066 2585; baseline 0 0"><span class='ocrx_word' id='word_1_261' title='bbox 1054 240 1066 2585; x_wconf 95' lang='lat' dir='ltr'> </span> 
     </span>
    </p>
   </div>
   <div class='ocr_carea' id='block_1_9' title="bbox 1072 333 1821 1978">
    <p class='ocr_par' dir='ltr' id='par_1_10' title="bbox 1072 333 1819 687">
     <span class='ocr_line' id='line_1_51' title="bbox 1072 333 1819 377; baseline 0 -12"><span class='ocrx_word' id='word_1_262' title='bbox 1072 343 1121 373; x_wconf 88' lang='lat' dir='ltr'>ne,</span> <span class='ocrx_word' id='word_1_263' title='bbox 1139 333 1221 376; x_wconf 89' lang='lat' dir='ltr'>quod</span> <span class='ocrx_word' id='word_1_264' title='bbox 1233 360 1240 373; x_wconf 87' lang='lat'>,</span> <span class='ocrx_word' id='word_1_265' title='bbox 1258 333 1333 376; x_wconf 89' lang='lat' dir='ltr'>ipsis</span> <span class='ocrx_word' id='word_1_266' title='bbox 1354 343 1417 366; x_wconf 91' lang='lat' dir='ltr'>non</span> <span class='ocrx_word' id='word_1_267' title='bbox 1436 333 1693 377; x_wconf 88' lang='lat' dir='ltr'>comparentibus</span> <span class='ocrx_word' id='word_1_268' title='bbox 1711 333 1741 365; x_wconf 93' lang='lat' dir='ltr'>in</span> <span class='ocrx_word' id='word_1_269' title='bbox 1758 337 1819 365; x_wconf 87' lang='lat' dir='ltr'>ter-</span> 
     </span>
     <span class='ocr_line' id='line_1_52' title="bbox 1074 385 1818 430; baseline -0.001 -11"><span class='ocrx_word' id='word_1_270' title='bbox 1074 386 1166 419; x_wconf 88' lang='lat' dir='ltr'>minis</span> <span class='ocrx_word' id='word_1_271' title='bbox 1191 386 1412 430; x_wconf 80' lang='lat' dir='ltr'>praefigendis,</span> <span class='ocrx_word' id='word_1_272' title='bbox 1438 386 1630 430; x_wconf 86' lang='lat' dir='ltr'>procedatur</span> <span class='ocrx_word' id='word_1_273' title='bbox 1655 386 1693 419; x_wconf 88' lang='lat' dir='ltr'>ad</span> <span class='ocrx_word' id='word_1_274' title='bbox 1717 385 1818 419; x_wconf 84' lang='lat' dir='ltr'>decla-</span> 
     </span>
     <span class='ocr_line' id='line_1_53' title="bbox 1073 439 1818 474; baseline 0 -2"><span class='ocrx_word' id='word_1_275' title='bbox 1073 440 1227 473; x_wconf 77' lang='lat' dir='ltr'>rationem</span> <span class='ocrx_word' id='word_1_276' title='bbox 1254 441 1399 473; x_wconf 87' lang='lat' dir='ltr'>incursus</span> <span class='ocrx_word' id='word_1_277' title='bbox 1424 439 1762 474; x_wconf 84' lang='lat' dir='ltr'>excommunicationis</span> <span class='ocrx_word' id='word_1_278' title='bbox 1787 444 1818 472; x_wconf 84' lang='lat' dir='ltr'>et.</span> 
     </span>
     <span class='ocr_line' id='line_1_54' title="bbox 1073 491 1816 538; baseline -0.001 -13"><span class='ocrx_word' id='word_1_279' title='bbox 1073 493 1230 526; x_wconf 89' lang='lat' dir='ltr'>interdicti</span> <span class='ocrx_word' id='word_1_280' title='bbox 1255 493 1441 538; x_wconf 79' lang='lat' dir='ltr'>respective,</span> <span class='ocrx_word' id='word_1_281' title='bbox 1464 493 1592 527; x_wconf 88' lang='lat' dir='ltr'>illorum</span> <span class='ocrx_word' id='word_1_282' title='bbox 1617 491 1816 526; x_wconf 69' lang='lat' dir='ltr'>contumacia</span> 
     </span>
     <span class='ocr_line' id='line_1_55' title="bbox 1072 546 1817 590; baseline -0.001 -11"><span class='ocrx_word' id='word_1_283' title='bbox 1072 557 1135 580; x_wconf 91' lang='lat' dir='ltr'>non</span> <span class='ocrx_word' id='word_1_284' title='bbox 1148 548 1302 588; x_wconf 85' lang='lat' dir='ltr'>obstante,</span> <span class='ocrx_word' id='word_1_285' title='bbox 1324 553 1354 580; x_wconf 82' lang='lat' dir='ltr'>et</span> <span class='ocrx_word' id='word_1_286' title='bbox 1374 547 1550 580; x_wconf 86' lang='lat' dir='ltr'>successive</span> <span class='ocrx_word' id='word_1_287' title='bbox 1570 546 1609 579; x_wconf 88' lang='lat' dir='ltr'>ad</span> <span class='ocrx_word' id='word_1_288' title='bbox 1629 546 1817 590; x_wconf 84' lang='lat' dir='ltr'>publicatio-</span> 
     </span>
     <span class='ocr_line' id='line_1_56' title="bbox 1073 599 1815 645; baseline -0.001 -13"><span class='ocrx_word' id='word_1_289' title='bbox 1073 610 1144 633; x_wconf 86' lang='lat' dir='ltr'>nem</span> <span class='ocrx_word' id='word_1_290' title='bbox 1162 606 1192 633; x_wconf 88' lang='lat' dir='ltr'>et</span> <span class='ocrx_word' id='word_1_291' title='bbox 1209 601 1451 643; x_wconf 85' lang='lat' dir='ltr'>invocationem,</span> <span class='ocrx_word' id='word_1_292' title='bbox 1470 604 1625 645; x_wconf 86' lang='lat' dir='ltr'>quatenus</span> <span class='ocrx_word' id='word_1_293' title='bbox 1643 610 1722 643; x_wconf 90' lang='lat' dir='ltr'>opus</span> <span class='ocrx_word' id='word_1_294' title='bbox 1740 599 1815 639; x_wconf 87' lang='lat' dir='ltr'>erit,</span> 
     </span>
     <span class='ocr_line' id='line_1_57' title="bbox 1073 651 1815 687; baseline 0 -2"><span class='ocrx_word' id='word_1_295' title='bbox 1073 654 1179 686; x_wconf 77' lang='lat' dir='ltr'>auxilii</span> <span class='ocrx_word' id='word_1_296' title='bbox 1204 654 1326 687; x_wconf 81' lang='lat' dir='ltr'>brachii</span> <span class='ocrx_word' id='word_1_297' title='bbox 1351 654 1503 687; x_wconf 88' lang='lat' dir='ltr'>secularis</span> <span class='ocrx_word' id='word_1_298' title='bbox 1528 654 1593 687; x_wconf 90' lang='lat' dir='ltr'>sine</span> <span class='ocrx_word' id='word_1_299' title='bbox 1619 651 1815 686; x_wconf 87' lang='lat' dir='ltr'>remissione.</span> 
     </span>
    </p>

    <p class='ocr_par' dir='ltr' id='par_1_11' title="bbox 1074 706 1821 1978">
     <span class='ocr_line' id='line_1_58' title="bbox 1117 706 1816 750; baseline -0.001 -10"><span class='ocrx_word' id='word_1_300' title='bbox 1117 707 1132 750; x_wconf 65' lang='grc' dir='ltr'><strong>ξ</strong></span> <span class='ocrx_word' id='word_1_301' title='bbox 1156 706 1185 739; x_wconf 82' lang='grc'>6.</span> <span class='ocrx_word' id='word_1_302' title='bbox 1211 707 1369 746; x_wconf 80' lang='lat' dir='ltr'>Quatenus</span> <span class='ocrx_word' id='word_1_303' title='bbox 1392 718 1467 740; x_wconf 84' lang='lat' dir='ltr'>vero</span> <span class='ocrx_word' id='word_1_304' title='bbox 1498 707 1536 740; x_wconf 89' lang='lat' dir='ltr'>ad</span> <span class='ocrx_word' id='word_1_305' title='bbox 1570 707 1726 740; x_wconf 85' lang='lat' dir='ltr'>civitatem</span> <span class='ocrx_word' id='word_1_306' title='bbox 1757 706 1816 739; x_wconf 92' lang='lat' dir='ltr'>Lu-</span> 
     </span>
     <span class='ocr_line' id='line_1_59' title="bbox 1074 759 1817 804; baseline 0 -12"><span class='ocrx_word' id='word_1_307' title='bbox 1074 771 1182 793; x_wconf 87' lang='lat' dir='ltr'>canam</span> <span class='ocrx_word' id='word_1_308' title='bbox 1207 761 1398 804; x_wconf 84' lang='lat' dir='ltr'>praedictam</span> <span class='ocrx_word' id='word_1_309' title='bbox 1425 767 1455 794; x_wconf 89' lang='lat' dir='ltr'>et</span> <span class='ocrx_word' id='word_1_310' title='bbox 1471 761 1530 794; x_wconf 85' lang='lat' dir='ltr'>alia</span> <span class='ocrx_word' id='word_1_311' title='bbox 1547 761 1615 794; x_wconf 87' lang='lat' dir='ltr'>loca</span> <span class='ocrx_word' id='word_1_312' title='bbox 1631 761 1732 793; x_wconf 85' lang='lat' dir='ltr'>dictae</span> <span class='ocrx_word' id='word_1_313' title='bbox 1749 759 1817 793; x_wconf 88' lang='lat' dir='ltr'>Rei-</span> 
     </span>
     <span class='ocr_line' id='line_1_60' title="bbox 1074 814 1818 858; baseline 0 -12"><span class='ocrx_word' id='word_1_314' title='bbox 1074 814 1217 857; x_wconf 87' lang='lat' dir='ltr'>publicae</span> <span class='ocrx_word' id='word_1_315' title='bbox 1242 815 1381 847; x_wconf 89' lang='lat' dir='ltr'>subiecta</span> <span class='ocrx_word' id='word_1_316' title='bbox 1406 819 1490 848; x_wconf 88' lang='lat' dir='ltr'>tutus</span> <span class='ocrx_word' id='word_1_317' title='bbox 1515 825 1659 848; x_wconf 87' lang='lat' dir='ltr'>accessus</span> <span class='ocrx_word' id='word_1_318' title='bbox 1680 824 1743 847; x_wconf 91' lang='lat' dir='ltr'>non</span> <span class='ocrx_word' id='word_1_319' title='bbox 1766 823 1818 858; x_wconf 90' lang='lat' dir='ltr'>pa-</span> 
     </span>
     <span class='ocr_line' id='line_1_61' title="bbox 1075 867 1818 912; baseline -0.001 -11"><span class='ocrx_word' id='word_1_320' title='bbox 1075 872 1153 909; x_wconf 87' lang='lat' dir='ltr'>teat,</span> <span class='ocrx_word' id='word_1_321' title='bbox 1177 879 1234 912; x_wconf 87' lang='lat' dir='ltr'>per</span> <span class='ocrx_word' id='word_1_322' title='bbox 1259 869 1384 901; x_wconf 89' lang='lat' dir='ltr'>easdem</span> <span class='ocrx_word' id='word_1_323' title='bbox 1409 873 1589 912; x_wconf 86' lang='lat' dir='ltr'>praesentes</span> <span class='ocrx_word' id='word_1_324' title='bbox 1616 868 1672 901; x_wconf 88' lang='lat' dir='ltr'>tibi</span> <span class='ocrx_word' id='word_1_325' title='bbox 1696 867 1818 911; x_wconf 86' lang='lat' dir='ltr'>praeci-</span> 
     </span>
     <span class='ocr_line' id='line_1_62' title="bbox 1075 921 1817 964; baseline 0 -11"><span class='ocrx_word' id='word_1_326' title='bbox 1075 922 1179 964; x_wconf 90' lang='lat' dir='ltr'>pimus</span> <span class='ocrx_word' id='word_1_327' title='bbox 1203 927 1233 955; x_wconf 92' lang='lat' dir='ltr'>et</span> <span class='ocrx_word' id='word_1_328' title='bbox 1257 922 1455 962; x_wconf 88' lang='lat' dir='ltr'>mandamus,</span> <span class='ocrx_word' id='word_1_329' title='bbox 1479 927 1522 964; x_wconf 87' lang='lat' dir='ltr'>ut,</span> <span class='ocrx_word' id='word_1_330' title='bbox 1545 922 1678 955; x_wconf 88' lang='lat' dir='ltr'>constito</span> <span class='ocrx_word' id='word_1_331' title='bbox 1698 921 1736 954; x_wconf 89' lang='lat' dir='ltr'>de</span> <span class='ocrx_word' id='word_1_332' title='bbox 1756 921 1817 954; x_wconf 88' lang='lat' dir='ltr'>hoc</span> 
     </span>
     <span class='ocr_line' id='line_1_63' title="bbox 1074 974 1817 1019; baseline 0 -12"><span class='ocrx_word' id='word_1_333' title='bbox 1074 981 1226 1019; x_wconf 87' lang='lat' dir='ltr'>quantum</span> <span class='ocrx_word' id='word_1_334' title='bbox 1250 976 1308 1008; x_wconf 89' lang='lat' dir='ltr'>tibi</span> <span class='ocrx_word' id='word_1_335' title='bbox 1333 976 1478 1009; x_wconf 83' lang='lat' dir='ltr'>sufficere</span> <span class='ocrx_word' id='word_1_336' title='bbox 1507 975 1686 1016; x_wconf 84' lang='lat' dir='ltr'>videbitur,</span> <span class='ocrx_word' id='word_1_337' title='bbox 1718 980 1747 1008; x_wconf 88' lang='lat' dir='ltr'>te</span> <span class='ocrx_word' id='word_1_338' title='bbox 1778 974 1817 1007; x_wconf 87' lang='lat' dir='ltr'>ad</span> 
     </span>
     <span class='ocr_line' id='line_1_64' title="bbox 1075 1029 1817 1073; baseline 0 -12"><span class='ocrx_word' id='word_1_339' title='bbox 1075 1029 1212 1072; x_wconf 86' lang='lat' dir='ltr'>aliquem</span> <span class='ocrx_word' id='word_1_340' title='bbox 1247 1029 1352 1063; x_wconf 86' lang='lat' dir='ltr'>locum</span> <span class='ocrx_word' id='word_1_341' title='bbox 1389 1029 1570 1073; x_wconf 79' lang='lat' dir='ltr'>proximum</span> <span class='ocrx_word' id='word_1_342' title='bbox 1603 1034 1633 1062; x_wconf 91' lang='lat' dir='ltr'>et</span> <span class='ocrx_word' id='word_1_343' title='bbox 1669 1037 1817 1062; x_wconf 85' lang='lat' dir='ltr'>securum</span> 
     </span>
     <span class='ocr_line' id='line_1_65' title="bbox 1074 1081 1818 1127; baseline 0 -13"><span class='ocrx_word' id='word_1_344' title='bbox 1074 1083 1206 1116; x_wconf 89' lang='lat' dir='ltr'>arbitrio</span> <span class='ocrx_word' id='word_1_345' title='bbox 1239 1088 1293 1116; x_wconf 89' lang='lat' dir='ltr'>tuo</span> <span class='ocrx_word' id='word_1_346' title='bbox 1325 1084 1491 1126; x_wconf 88' lang='lat' dir='ltr'>conseras,</span> <span class='ocrx_word' id='word_1_347' title='bbox 1522 1088 1552 1116; x_wconf 84' lang='lat' dir='ltr'>et</span> <span class='ocrx_word' id='word_1_348' title='bbox 1582 1082 1624 1116; x_wconf 88' lang='lat' dir='ltr'>ibi</span> <span class='ocrx_word' id='word_1_349' title='bbox 1657 1081 1818 1127; x_wconf 83' lang='lat' dir='ltr'>praedicta</span> 
     </span>
     <span class='ocr_line' id='line_1_66' title="bbox 1075 1135 1817 1180; baseline -0.001 -12"><span class='ocrx_word' id='word_1_350' title='bbox 1075 1136 1180 1169; x_wconf 86' lang='lat' dir='ltr'>omnia</span> <span class='ocrx_word' id='word_1_351' title='bbox 1204 1141 1234 1168; x_wconf 92' lang='lat' dir='ltr'>ct</span> <span class='ocrx_word' id='word_1_352' title='bbox 1263 1136 1385 1179; x_wconf 79' lang='lat' dir='ltr'>singula</span> <span class='ocrx_word' id='word_1_353' title='bbox 1413 1136 1451 1169; x_wconf 88' lang='lat' dir='ltr'>de</span> <span class='ocrx_word' id='word_1_354' title='bbox 1485 1135 1642 1180; x_wconf 84' lang='lat' dir='ltr'>expressis</span> <span class='ocrx_word' id='word_1_355' title='bbox 1672 1135 1817 1168; x_wconf 86' lang='lat' dir='ltr'>mandato</span> 
     </span>
     <span class='ocr_line' id='line_1_67' title="bbox 1076 1188 1816 1232; baseline -0.001 -10"><span class='ocrx_word' id='word_1_356' title='bbox 1076 1195 1105 1222; x_wconf 88' lang='lat' dir='ltr'>et</span> <span class='ocrx_word' id='word_1_357' title='bbox 1129 1189 1314 1223; x_wconf 88' lang='lat' dir='ltr'>auctoritate</span> <span class='ocrx_word' id='word_1_358' title='bbox 1338 1189 1456 1222; x_wconf 88' lang='lat' dir='ltr'>nostris</span> <span class='ocrx_word' id='word_1_359' title='bbox 1487 1189 1669 1232; x_wconf 88' lang='lat' dir='ltr'>apostolicis</span> <span class='ocrx_word' id='word_1_360' title='bbox 1701 1188 1816 1228; x_wconf 82' lang='lat' dir='ltr'>facias,</span> 
     </span>
     <span class='ocr_line' id='line_1_68' title="bbox 1076 1242 1817 1287; baseline -0.001 -11"><span class='ocrx_word' id='word_1_361' title='bbox 1076 1253 1166 1286; x_wconf 74' lang='lat' dir='ltr'>geras</span> <span class='ocrx_word' id='word_1_362' title='bbox 1190 1248 1220 1276; x_wconf 90' lang='lat' dir='ltr'>ct</span> <span class='ocrx_word' id='word_1_363' title='bbox 1244 1243 1420 1287; x_wconf 76' lang='lat' dir='ltr'>exequaris,</span> <span class='ocrx_word' id='word_1_364' title='bbox 1438 1248 1468 1276; x_wconf 82' lang='lat' dir='ltr'>et</span> <span class='ocrx_word' id='word_1_365' title='bbox 1488 1242 1684 1286; x_wconf 86' lang='lat' dir='ltr'>supradictos</span> <span class='ocrx_word' id='word_1_366' title='bbox 1697 1252 1817 1283; x_wconf 88' lang='lat' dir='ltr'>omnes,</span> 
     </span>
     <span class='ocr_line' id='line_1_69' title="bbox 1076 1296 1817 1341; baseline -0.001 -12"><span class='ocrx_word' id='word_1_367' title='bbox 1076 1307 1111 1329; x_wconf 88' lang='lat' dir='ltr'>ac</span> <span class='ocrx_word' id='word_1_368' title='bbox 1136 1297 1278 1341; x_wconf 85' lang='lat' dir='ltr'>ipsorum</span> <span class='ocrx_word' id='word_1_369' title='bbox 1305 1296 1487 1340; x_wconf 85' lang='lat' dir='ltr'>quemlibet,</span> <span class='ocrx_word' id='word_1_370' title='bbox 1505 1296 1598 1330; x_wconf 85' lang='lat' dir='ltr'>etiam</span> <span class='ocrx_word' id='word_1_371' title='bbox 1618 1296 1763 1329; x_wconf 85' lang='lat' dir='ltr'>absentes</span> <span class='ocrx_word' id='word_1_372' title='bbox 1787 1300 1817 1328; x_wconf 88' lang='lat' dir='ltr'>et</span> 
     </span>
     <span class='ocr_line' id='line_1_70' title="bbox 1076 1349 1817 1393; baseline 0 -11"><span class='ocrx_word' id='word_1_373' title='bbox 1076 1356 1288 1393; x_wconf 86' lang='lat' dir='ltr'>contumaces,</span> <span class='ocrx_word' id='word_1_374' title='bbox 1314 1350 1462 1393; x_wconf 89' lang='lat' dir='ltr'>ipsosque</span> <span class='ocrx_word' id='word_1_375' title='bbox 1488 1349 1566 1382; x_wconf 86' lang='lat' dir='ltr'>adeo</span> <span class='ocrx_word' id='word_1_376' title='bbox 1590 1349 1743 1391; x_wconf 86' lang='lat' dir='ltr'>antianos,</span> <span class='ocrx_word' id='word_1_377' title='bbox 1769 1359 1817 1382; x_wconf 84' lang='lat' dir='ltr'>ve-</span> 
     </span>
     <span class='ocr_line' id='line_1_71' title="bbox 1076 1402 1818 1444; baseline -0.003 -8"><span class='ocrx_word' id='word_1_378' title='bbox 1076 1403 1257 1444; x_wconf 80' lang='lat' dir='ltr'>xilliferum,</span> <span class='ocrx_word' id='word_1_379' title='bbox 1279 1403 1487 1443; x_wconf 89' lang='lat' dir='ltr'>consiliarios,</span> <span class='ocrx_word' id='word_1_380' title='bbox 1517 1403 1675 1443; x_wconf 83' lang='lat' dir='ltr'>officiales,</span> <span class='ocrx_word' id='word_1_381' title='bbox 1699 1402 1818 1435; x_wconf 89' lang='lat' dir='ltr'>iudices</span> 
     </span>
     <span class='ocr_line' id='line_1_72' title="bbox 1077 1456 1818 1500; baseline -0.003 -10"><span class='ocrx_word' id='word_1_382' title='bbox 1077 1462 1107 1490; x_wconf 92' lang='lat' dir='ltr'>et</span> <span class='ocrx_word' id='word_1_383' title='bbox 1119 1457 1282 1490; x_wconf 86' lang='lat' dir='ltr'>ministros</span> <span class='ocrx_word' id='word_1_384' title='bbox 1295 1457 1476 1490; x_wconf 86' lang='lat' dir='ltr'>huiusmodi</span> <span class='ocrx_word' id='word_1_385' title='bbox 1494 1457 1633 1500; x_wconf 90' lang='lat' dir='ltr'>aliosque</span> <span class='ocrx_word' id='word_1_386' title='bbox 1647 1456 1818 1500; x_wconf 75' lang='lat' dir='ltr'>culpabiles</span> 
     </span>
     <span class='ocr_line' id='line_1_73' title="bbox 1077 1510 1817 1554; baseline -0.003 -11"><span class='ocrx_word' id='word_1_387' title='bbox 1077 1510 1163 1551; x_wconf 85' lang='lat' dir='ltr'>cites,</span> <span class='ocrx_word' id='word_1_388' title='bbox 1188 1521 1317 1543; x_wconf 85' lang='lat' dir='ltr'>moneas</span> <span class='ocrx_word' id='word_1_389' title='bbox 1341 1514 1371 1544; x_wconf 87' lang='lat' dir='ltr'>et</span> <span class='ocrx_word' id='word_1_390' title='bbox 1395 1510 1550 1554; x_wconf 88' lang='lat' dir='ltr'>requiras,</span> <span class='ocrx_word' id='word_1_391' title='bbox 1574 1515 1608 1543; x_wconf 92' lang='lat' dir='ltr'>ut</span> <span class='ocrx_word' id='word_1_392' title='bbox 1631 1510 1817 1553; x_wconf 81' lang='lat' dir='ltr'>praefertur,</span> 
     </span>
     <span class='ocr_line' id='line_1_74' title="bbox 1076 1563 1817 1608; baseline -0.001 -11"><span class='ocrx_word' id='word_1_393' title='bbox 1076 1575 1133 1608; x_wconf 87' lang='lat' dir='ltr'>per</span> <span class='ocrx_word' id='word_1_394' title='bbox 1157 1564 1335 1597; x_wconf 81' lang='lat' dir='ltr'>affixionem</span> <span class='ocrx_word' id='word_1_395' title='bbox 1361 1564 1399 1596; x_wconf 90' lang='lat' dir='ltr'>ad</span> <span class='ocrx_word' id='word_1_396' title='bbox 1424 1564 1528 1597; x_wconf 88' lang='lat' dir='ltr'>valvas</span> <span class='ocrx_word' id='word_1_397' title='bbox 1545 1569 1597 1596; x_wconf 88' lang='lat' dir='ltr'>aut</span> <span class='ocrx_word' id='word_1_398' title='bbox 1617 1574 1674 1607; x_wconf 88' lang='lat' dir='ltr'>per</span> <span class='ocrx_word' id='word_1_399' title='bbox 1693 1563 1817 1607; x_wconf 87' lang='lat' dir='ltr'>publiea</span> 
     </span>
     <span class='ocr_line' id='line_1_75' title="bbox 1078 1617 1818 1659; baseline -0.003 -8"><span class='ocrx_word' id='word_1_400' title='bbox 1078 1619 1178 1651; x_wconf 89' lang='lat' dir='ltr'>edicta</span> <span class='ocrx_word' id='word_1_401' title='bbox 1203 1619 1233 1651; x_wconf 91' lang='lat' dir='ltr'>in</span> <span class='ocrx_word' id='word_1_402' title='bbox 1259 1618 1384 1651; x_wconf 87' lang='lat' dir='ltr'>duobus</span> <span class='ocrx_word' id='word_1_403' title='bbox 1410 1618 1614 1651; x_wconf 89' lang='lat' dir='ltr'>vicinioribus</span> <span class='ocrx_word' id='word_1_404' title='bbox 1638 1617 1733 1659; x_wconf 86' lang='lat' dir='ltr'>loeis,</span> <span class='ocrx_word' id='word_1_405' title='bbox 1764 1617 1818 1649; x_wconf 91' lang='lat' dir='ltr'>ubi</span> 
     </span>
     <span class='ocr_line' id='line_1_76' title="bbox 1079 1670 1820 1714; baseline -0.003 -10"><span class='ocrx_word' id='word_1_406' title='bbox 1079 1676 1161 1705; x_wconf 89' lang='lat' dir='ltr'>tutus</span> <span class='ocrx_word' id='word_1_407' title='bbox 1177 1671 1236 1704; x_wconf 88' lang='lat' dir='ltr'>erit</span> <span class='ocrx_word' id='word_1_408' title='bbox 1258 1682 1412 1711; x_wconf 88' lang='lat' dir='ltr'>accessus,</span> <span class='ocrx_word' id='word_1_409' title='bbox 1430 1681 1486 1714; x_wconf 89' lang='lat' dir='ltr'>per</span> <span class='ocrx_word' id='word_1_410' title='bbox 1505 1676 1535 1704; x_wconf 85' lang='lat' dir='ltr'>te</span> <span class='ocrx_word' id='word_1_411' title='bbox 1552 1670 1713 1714; x_wconf 79' lang='lat' dir='ltr'>eligendis,</span> <span class='ocrx_word' id='word_1_412' title='bbox 1730 1670 1769 1702; x_wconf 92' lang='lat' dir='ltr'>ad</span> <span class='ocrx_word' id='word_1_413' title='bbox 1787 1680 1820 1702; x_wconf 89' lang='lat' dir='ltr'>se</span> 
     </span>
     <span class='ocr_line' id='line_1_77' title="bbox 1078 1724 1819 1769; baseline -0.001 -12"><span class='ocrx_word' id='word_1_414' title='bbox 1078 1725 1342 1769; x_wconf 84' lang='lat' dir='ltr'>praesentandum</span> <span class='ocrx_word' id='word_1_415' title='bbox 1369 1730 1399 1757; x_wconf 89' lang='lat' dir='ltr'>et</span> <span class='ocrx_word' id='word_1_416' title='bbox 1423 1724 1647 1764; x_wconf 81' lang='lat' dir='ltr'>excusandum,</span> <span class='ocrx_word' id='word_1_417' title='bbox 1672 1728 1705 1758; x_wconf 87' lang='lat' dir='ltr'>ut</span> <span class='ocrx_word' id='word_1_418' title='bbox 1729 1734 1819 1767; x_wconf 85' lang='lat' dir='ltr'>prae-</span> 
     </span>
     <span class='ocr_line' id='line_1_78' title="bbox 1079 1777 1820 1820; baseline -0.003 -9"><span class='ocrx_word' id='word_1_419' title='bbox 1079 1779 1221 1820; x_wconf 85' lang='lat' dir='ltr'>mittitur,</span> <span class='ocrx_word' id='word_1_420' title='bbox 1248 1788 1355 1811; x_wconf 86' lang='lat' dir='ltr'>coram</span> <span class='ocrx_word' id='word_1_421' title='bbox 1380 1778 1463 1810; x_wconf 91' lang='lat' dir='ltr'>dicto</span> <span class='ocrx_word' id='word_1_422' title='bbox 1481 1778 1633 1820; x_wconf 77' lang='lat' dir='ltr'>magistro</span> <span class='ocrx_word' id='word_1_423' title='bbox 1653 1777 1820 1811; x_wconf 85' lang='lat' dir='ltr'>Octaviano</span> 
     </span>
     <span class='ocr_line' id='line_1_79' title="bbox 1077 1831 1820 1873; baseline -0.003 -9"><span class='ocrx_word' id='word_1_424' title='bbox 1077 1832 1230 1871; x_wconf 84' lang='lat' dir='ltr'>auditore,</span> <span class='ocrx_word' id='word_1_425' title='bbox 1256 1837 1285 1864; x_wconf 88' lang='lat' dir='ltr'>et</span> <span class='ocrx_word' id='word_1_426' title='bbox 1310 1831 1348 1863; x_wconf 86' lang='lat' dir='ltr'>ad</span> <span class='ocrx_word' id='word_1_427' title='bbox 1373 1841 1483 1864; x_wconf 90' lang='lat' dir='ltr'>omncs</span> <span class='ocrx_word' id='word_1_428' title='bbox 1507 1835 1537 1865; x_wconf 88' lang='lat' dir='ltr'>et</span> <span class='ocrx_word' id='word_1_429' title='bbox 1561 1831 1702 1873; x_wconf 78' lang='lat' dir='ltr'>singulos</span> <span class='ocrx_word' id='word_1_430' title='bbox 1733 1835 1820 1863; x_wconf 76' lang='lat' dir='ltr'>actus</span> 
     </span>
     <span class='ocr_line' id='line_1_80' title="bbox 1078 1884 1821 1928; baseline 0 -12"><span class='ocrx_word' id='word_1_431' title='bbox 1078 1885 1109 1916; x_wconf 92' lang='lat' dir='ltr'>in</span> <span class='ocrx_word' id='word_1_432' title='bbox 1134 1885 1243 1917; x_wconf 84' lang='lat' dir='ltr'>eadem</span> <span class='ocrx_word' id='word_1_433' title='bbox 1269 1886 1364 1917; x_wconf 76' lang='lat' dir='ltr'>causa</span> <span class='ocrx_word' id='word_1_434' title='bbox 1389 1895 1488 1928; x_wconf 79' lang='lat' dir='ltr'>usquc</span> <span class='ocrx_word' id='word_1_435' title='bbox 1513 1884 1552 1917; x_wconf 88' lang='lat' dir='ltr'>ad</span> <span class='ocrx_word' id='word_1_436' title='bbox 1572 1884 1756 1918; x_wconf 88' lang='lat' dir='ltr'>sententiam</span> <span class='ocrx_word' id='word_1_437' title='bbox 1777 1884 1821 1916; x_wconf 88' lang='lat' dir='ltr'>iu-</span> 
     </span>
     <span class='ocr_line' id='line_1_81' title="bbox 1078 1937 1818 1978; baseline 0 -9"><span class='ocrx_word' id='word_1_438' title='bbox 1078 1938 1194 1970; x_wconf 84' lang='lat' dir='ltr'>clusive</span> <span class='ocrx_word' id='word_1_439' title='bbox 1219 1938 1388 1978; x_wconf 85' lang='lat' dir='ltr'>faciendos,</span> <span class='ocrx_word' id='word_1_440' title='bbox 1410 1948 1481 1970; x_wconf 89' lang='lat' dir='ltr'>cum</span> <span class='ocrx_word' id='word_1_441' title='bbox 1503 1937 1613 1970; x_wconf 77' lang='lat' dir='ltr'>eadem</span> <span class='ocrx_word' id='word_1_442' title='bbox 1637 1937 1818 1974; x_wconf 83' lang='lat' dir='ltr'>monitione,</span> 
     </span>
    </p>
   </div>
   <div class='ocr_carea' id='block_1_10' title="bbox 303 1990 1820 2302">
    <p class='ocr_par' dir='ltr' id='par_1_12' title="bbox 303 1990 1820 2302">
     <span class='ocr_line' id='line_1_82' title="bbox 1060 1990 1820 2035; baseline -0.001 -12"><span class='ocrx_word' id='word_1_443' title='bbox 1060 2026 1062 2034; x_wconf 37' lang='grc' dir='ltr'>Ι</span> <span class='ocrx_word' id='word_1_444' title='bbox 1079 1991 1162 2034; x_wconf 87' lang='lat' dir='ltr'>quod</span> <span class='ocrx_word' id='word_1_445' title='bbox 1184 1991 1259 2035; x_wconf 77' lang='lat' dir='ltr'>ipsis</span> <span class='ocrx_word' id='word_1_446' title='bbox 1276 2001 1337 2024; x_wconf 90' lang='lat' dir='ltr'>non</span> <span class='ocrx_word' id='word_1_447' title='bbox 1359 1991 1613 2034; x_wconf 86' lang='lat' dir='ltr'>comparentibus</span> <span class='ocrx_word' id='word_1_448' title='bbox 1631 1990 1820 2035; x_wconf 86' lang='lat' dir='ltr'>procedatur</span> 
     </span>
     <span class='ocr_line' id='line_1_83' title="bbox 1061 2044 1815 2088; baseline 0 -11"><span class='ocrx_word' id='word_1_449' title='bbox 1061 2050 1112 2080; x_wconf 44' lang='lat' dir='ltr'>¹ut</span> <span class='ocrx_word' id='word_1_450' title='bbox 1136 2055 1247 2088; x_wconf 82' lang='lat' dir='ltr'>supra,</span> <span class='ocrx_word' id='word_1_451' title='bbox 1272 2045 1414 2087; x_wconf 78' lang='lat' dir='ltr'>ipsorum</span> <span class='ocrx_word' id='word_1_452' title='bbox 1440 2045 1637 2077; x_wconf 73' lang='lat' dir='ltr'>contumacia</span> <span class='ocrx_word' id='word_1_453' title='bbox 1662 2055 1724 2077; x_wconf 87' lang='lat' dir='ltr'>non</span> <span class='ocrx_word' id='word_1_454' title='bbox 1757 2044 1815 2077; x_wconf 88' lang='lat' dir='ltr'>ob-</span> 
     </span>
     <span class='ocr_line' id='line_1_84' title="bbox 1061 2103 1820 2142; baseline -0.001 -11"><span class='ocrx_word' id='word_1_455' title='bbox 1061 2133 1063 2142; x_wconf 41' lang='lat'>,</span> <span class='ocrx_word' id='word_1_456' title='bbox 1079 2103 1187 2138; x_wconf 86' lang='lat' dir='ltr'>stante,</span> <span class='ocrx_word' id='word_1_457' title='bbox 1206 2104 1235 2131; x_wconf 83' lang='lat' dir='ltr'>et</span> <span class='ocrx_word' id='word_1_458' title='bbox 1253 2104 1362 2131; x_wconf 89' lang='lat' dir='ltr'>contra</span> <span class='ocrx_word' id='word_1_459' title='bbox 1387 2108 1602 2141; x_wconf 87' lang='lat' dir='ltr'>quoscumque</span> <span class='ocrx_word' id='word_1_460' title='bbox 1623 2108 1717 2141; x_wconf 85' lang='lat' dir='ltr'>super</span> <span class='ocrx_word' id='word_1_461' title='bbox 1733 2108 1820 2141; x_wconf 82' lang='lat' dir='ltr'>prae-</span> 
     </span>
     <span class='ocr_line' id='line_1_85' title="bbox 303 2143 1063 2195; baseline 0.003 -12"><span class='ocrx_word' id='word_1_462' title='bbox 303 2152 383 2183; x_wconf 77' lang='lat' dir='ltr'>t&#39;cctu</span> <span class='ocrx_word' id='word_1_463' title='bbox 402 2151 560 2194; x_wconf 68' lang='lat' dir='ltr'>paruisse,</span> <span class='ocrx_word' id='word_1_464' title='bbox 582 2152 721 2195; x_wconf 85' lang='lat' dir='ltr'>alioquin</span> <span class='ocrx_word' id='word_1_465' title='bbox 746 2152 783 2184; x_wconf 87' lang='lat' dir='ltr'>ad</span> <span class='ocrx_word' id='word_1_466' title='bbox 809 2152 998 2185; x_wconf 84' lang='lat' dir='ltr'>audiendum</span> <span class='ocrx_word' id='word_1_467' title='bbox 1015 2143 1063 2185; x_wconf 59' lang='lat' dir='ltr'>ct³</span> 
     </span>
     <span class='ocr_line' id='line_1_86' title="bbox 303 2204 1063 2249; baseline 0.004 -13"><span class='ocrx_word' id='word_1_468' title='bbox 303 2204 456 2237; x_wconf 81' lang='lat' dir='ltr'>declarari</span> <span class='ocrx_word' id='word_1_469' title='bbox 491 2205 659 2237; x_wconf 77' lang='lat' dir='ltr'>videndum</span> <span class='ocrx_word' id='word_1_470' title='bbox 693 2206 778 2249; x_wconf 84' lang='lat' dir='ltr'>ipsos</span> <span class='ocrx_word' id='word_1_471' title='bbox 810 2216 950 2249; x_wconf 82' lang='lat' dir='ltr'>poenas,</span> <span class='ocrx_word' id='word_1_472' title='bbox 980 2216 1063 2239; x_wconf 78' lang='lat' dir='ltr'>sen-·</span> 
     </span>
     <span class='ocr_line' id='line_1_87' title="bbox 305 2256 1063 2302; baseline 0.003 -13"><span class='ocrx_word' id='word_1_473' title='bbox 305 2258 415 2290; x_wconf 80' lang='lat' dir='ltr'>tcntias</span> <span class='ocrx_word' id='word_1_474' title='bbox 440 2263 469 2290; x_wconf 88' lang='lat' dir='ltr'>et</span> <span class='ocrx_word' id='word_1_475' title='bbox 489 2268 637 2291; x_wconf 84' lang='lat' dir='ltr'>censuras</span> <span class='ocrx_word' id='word_1_476' title='bbox 667 2259 842 2302; x_wconf 76' lang='lat' dir='ltr'>praedictas</span> <span class='ocrx_word' id='word_1_477' title='bbox 873 2256 1063 2302; x_wconf 64' lang='lat' dir='ltr'>respectivc³</span> 
     </span>
    </p>
   </div>
   <div class='ocr_carea' id='block_1_11' title="bbox 1079 2151 1819 2622">
    <p class='ocr_par' dir='ltr' id='par_1_13' title="bbox 1079 2151 1819 2622">
     <span class='ocr_line' id='line_1_88' title="bbox 1080 2151 1818 2195; baseline 0.001 -12"><span class='ocrx_word' id='word_1_478' title='bbox 1080 2152 1192 2191; x_wconf 80' lang='lat' dir='ltr'>missis,</span> <span class='ocrx_word' id='word_1_479' title='bbox 1218 2155 1249 2184; x_wconf 93' lang='lat' dir='ltr'>ut</span> <span class='ocrx_word' id='word_1_480' title='bbox 1274 2151 1463 2195; x_wconf 79' lang='lat' dir='ltr'>praesertur,</span> <span class='ocrx_word' id='word_1_481' title='bbox 1491 2151 1631 2193; x_wconf 88' lang='lat' dir='ltr'>inquiras</span> <span class='ocrx_word' id='word_1_482' title='bbox 1656 2157 1686 2183; x_wconf 90' lang='lat' dir='ltr'>et</span> <span class='ocrx_word' id='word_1_483' title='bbox 1711 2161 1818 2194; x_wconf 82' lang='lat' dir='ltr'>proce-</span> 
     </span>
     <span class='ocr_line' id='line_1_89' title="bbox 1079 2204 1819 2248; baseline -0.003 -11"><span class='ocrx_word' id='word_1_484' title='bbox 1079 2205 1149 2247; x_wconf 89' lang='lat' dir='ltr'>das,</span> <span class='ocrx_word' id='word_1_485' title='bbox 1175 2205 1347 2248; x_wconf 82' lang='lat' dir='ltr'>culpabiles</span> <span class='ocrx_word' id='word_1_486' title='bbox 1371 2215 1446 2237; x_wconf 88' lang='lat' dir='ltr'>vcro</span> <span class='ocrx_word' id='word_1_487' title='bbox 1471 2209 1614 2247; x_wconf 84' lang='lat' dir='ltr'>repertos</span> <span class='ocrx_word' id='word_1_488' title='bbox 1646 2204 1819 2248; x_wconf 72' lang='lat' dir='ltr'>respective</span> 
     </span>
     <span class='ocr_line' id='line_1_90' title="bbox 1079 2257 1819 2301; baseline -0.001 -10"><span class='ocrx_word' id='word_1_489' title='bbox 1079 2269 1239 2298; x_wconf 84' lang='lat' dir='ltr'>carceres,</span> <span class='ocrx_word' id='word_1_490' title='bbox 1265 2258 1404 2290; x_wconf 84' lang='lat' dir='ltr'>detineas</span> <span class='ocrx_word' id='word_1_491' title='bbox 1428 2262 1457 2289; x_wconf 80' lang='lat' dir='ltr'>et</span> <span class='ocrx_word' id='word_1_492' title='bbox 1482 2257 1708 2290; x_wconf 79' lang='lat' dir='ltr'>sufficientibus</span> <span class='ocrx_word' id='word_1_493' title='bbox 1732 2267 1819 2301; x_wconf 81' lang='lat' dir='ltr'>prae-</span> 
     </span>
     <span class='ocr_line' id='line_1_91' title="bbox 1079 2309 1818 2353; baseline -0.003 -9"><span class='ocrx_word' id='word_1_494' title='bbox 1079 2312 1263 2345; x_wconf 82' lang='lat' dir='ltr'>cedentibus</span> <span class='ocrx_word' id='word_1_495' title='bbox 1288 2311 1410 2343; x_wconf 87' lang='lat' dir='ltr'>iudiciis</span> <span class='ocrx_word' id='word_1_496' title='bbox 1434 2311 1580 2353; x_wconf 72' lang='lat' dir='ltr'>rigoroso</span> <span class='ocrx_word' id='word_1_497' title='bbox 1598 2310 1733 2343; x_wconf 85' lang='lat' dir='ltr'>examini</span> <span class='ocrx_word' id='word_1_498' title='bbox 1750 2309 1818 2342; x_wconf 89' lang='lat' dir='ltr'>sub-</span> 
     </span>
     <span class='ocr_line' id='line_1_92' title="bbox 1080 2364 1819 2407; baseline 0 -10"><span class='ocrx_word' id='word_1_499' title='bbox 1080 2366 1176 2405; x_wconf 67' lang='lat' dir='ltr'>iicias,</span> <span class='ocrx_word' id='word_1_500' title='bbox 1194 2365 1239 2397; x_wconf 90' lang='lat' dir='ltr'>vel</span> <span class='ocrx_word' id='word_1_501' title='bbox 1260 2365 1289 2397; x_wconf 92' lang='lat' dir='ltr'>in</span> <span class='ocrx_word' id='word_1_502' title='bbox 1310 2365 1391 2397; x_wconf 79' lang='lat' dir='ltr'>dicta</span> <span class='ocrx_word' id='word_1_503' title='bbox 1409 2364 1531 2397; x_wconf 87' lang='lat' dir='ltr'>civitate</span> <span class='ocrx_word' id='word_1_504' title='bbox 1548 2370 1601 2396; x_wconf 88' lang='lat' dir='ltr'>aut</span> <span class='ocrx_word' id='word_1_505' title='bbox 1621 2364 1693 2396; x_wconf 90' lang='lat' dir='ltr'>alibi</span> <span class='ocrx_word' id='word_1_506' title='bbox 1710 2369 1819 2407; x_wconf 88' lang='lat' dir='ltr'>captos</span> 
     </span>
     <span class='ocr_line' id='line_1_93' title="bbox 1080 2418 1817 2459; baseline -0.003 -8"><span class='ocrx_word' id='word_1_507' title='bbox 1080 2419 1136 2451; x_wconf 90' lang='lat' dir='ltr'>sub</span> <span class='ocrx_word' id='word_1_508' title='bbox 1161 2419 1243 2451; x_wconf 71' lang='lat' dir='ltr'>bona</span> <span class='ocrx_word' id='word_1_509' title='bbox 1268 2424 1298 2451; x_wconf 83' lang='lat' dir='ltr'>ct</span> <span class='ocrx_word' id='word_1_510' title='bbox 1322 2418 1383 2450; x_wconf 72' lang='lat' dir='ltr'>lida</span> <span class='ocrx_word' id='word_1_511' title='bbox 1409 2418 1549 2451; x_wconf 72' lang='lat' dir='ltr'>custodia</span> <span class='ocrx_word' id='word_1_512' title='bbox 1571 2424 1691 2459; x_wconf 84' lang='lat' dir='ltr'>teneas,</span> <span class='ocrx_word' id='word_1_513' title='bbox 1709 2418 1774 2459; x_wconf 90' lang='lat' dir='ltr'>vel,</span> <span class='ocrx_word' id='word_1_514' title='bbox 1793 2418 1817 2450; x_wconf 88' lang='lat' dir='ltr'>si</span> 
     </span>
     <span class='ocr_line' id='line_1_94' title="bbox 1081 2471 1816 2516; baseline -0.001 -11"><span class='ocrx_word' id='word_1_515' title='bbox 1081 2473 1121 2505; x_wconf 87' lang='lat' dir='ltr'>ita</span> <span class='ocrx_word' id='word_1_516' title='bbox 1150 2473 1204 2505; x_wconf 90' lang='lat' dir='ltr'>tibi</span> <span class='ocrx_word' id='word_1_517' title='bbox 1236 2472 1384 2516; x_wconf 79' lang='lat' dir='ltr'>expedire</span> <span class='ocrx_word' id='word_1_518' title='bbox 1415 2472 1594 2512; x_wconf 84' lang='lat' dir='ltr'>videbitur,</span> <span class='ocrx_word' id='word_1_519' title='bbox 1630 2471 1667 2504; x_wconf 89' lang='lat' dir='ltr'>ad</span> <span class='ocrx_word' id='word_1_520' title='bbox 1703 2472 1816 2505; x_wconf 86' lang='lat' dir='ltr'>almam</span> 
     </span>
     <span class='ocr_line' id='line_1_95' title="bbox 1081 2525 1818 2569; baseline -0.001 -10"><span class='ocrx_word' id='word_1_521' title='bbox 1081 2526 1195 2559; x_wconf 88' lang='lat' dir='ltr'>Urbem</span> <span class='ocrx_word' id='word_1_522' title='bbox 1220 2530 1359 2558; x_wconf 87' lang='lat' dir='ltr'>nostram</span> <span class='ocrx_word' id='word_1_523' title='bbox 1380 2525 1582 2565; x_wconf 58' lang='lat' dir='ltr'>transii‘iittas,</span> <span class='ocrx_word' id='word_1_524' title='bbox 1600 2535 1655 2557; x_wconf 88' lang='lat' dir='ltr'>seu</span> <span class='ocrx_word' id='word_1_525' title='bbox 1675 2525 1712 2558; x_wconf 91' lang='lat' dir='ltr'>ad</span> <span class='ocrx_word' id='word_1_526' title='bbox 1732 2535 1818 2569; x_wconf 83' lang='lat' dir='ltr'>prae-</span> 
     </span>
     <span class='ocr_line' id='line_1_96' title="bbox 1081 2578 1817 2622; baseline -0.001 -9"><span class='ocrx_word' id='word_1_527' title='bbox 1081 2580 1224 2613; x_wconf 74' lang='lat' dir='ltr'>standum</span> <span class='ocrx_word' id='word_1_528' title='bbox 1252 2579 1451 2613; x_wconf 64' lang='lat' dir='ltr'>t&#39;itleinssorvs</span> <span class='ocrx_word' id='word_1_529' title='bbox 1473 2578 1508 2610; x_wconf 70' lang='lat' dir='ltr'>‹lv</span> <span class='ocrx_word' id='word_1_530' title='bbox 1536 2590 1566 2612; x_wconf 71' lang='lat' dir='ltr'>se</span> <span class='ocrx_word' id='word_1_531' title='bbox 1590 2579 1817 2622; x_wconf 70' lang='lat' dir='ltr'>praesentando</span> 
     </span>
    </p>
   </div>
  </div>
 </body>
</html>
