2107 3142
186 160 236 188 An.
253 160 283 189 C.
306 161 370 189 1647

213 862 352 888 Supplicatie.

418 152 481 187 596

387 221 469 249 rem,
491 209 548 242 sub
570 209 685 242 annulo
703 208 888 248 piscatoris,
906 208 956 241 die
974 219 1048 242 xxiv
1075 220 1128 242 au-

387 263 468 307 gusti
484 272 644 301 uncum,
659 261 859 305 pontificatus
875 262 973 295 nostri
989 272 1070 295 anno
1084 272 1127 295 111.

423 316 480 343 Dat.
498 316 539 342 die
557 316 592 342 24
606 315 712 350 augusti
732 315 807 346 1047,
831 316 926 350 pontif.
945 324 1014 343 anno
1030 322 1068 342 ιιι.

679 468 833 502 LXXXIX.

385 549 451 582 Pro
487 549 733 592 corint-eqalione
764 549 981 581 Larci-armni
1015 548 1128 591 confir-

429 602 530 634 matio
554 601 671 634 decreti
695 602 876 644 definz'lorii
895 604 981 634 circa
997 601 1129 634 solutio-

430 665 501 687 nem
518 654 808 698 quindenm'orum.

580 736 779 763 Innocentius
802 735 880 770 Papa
899 736 932 766 X,

528 781 563 806 ad
584 779 718 807 futuram
737 780 782 807 rei
803 781 983 807 memoriam.

431 849 549 893 Exponi
575 850 665 883 nobis
689 860 791 894 nuper
807 850 879 884 feeit
896 851 1028 884 dilectus
1046 851 1128 884 tilius

386 903 555 936 modernus
581 903 676 936 abbas
702 904 882 937 monasterii
908 904 941 936 B.
961 904 1074 937 Mariae
1091 904 1129 936 de

386 957 467 990 Pace.
489 956 527 990 de
562 957 663 996 Urbe,
696 963 725 990 et
757 963 944 1001 procurator
973 958 1129 1001 generalis

387 1010 616 1044 Canonicorum
643 1011 844 1054 Regularium
875 1012 1129 1055 congregationis

334 1108 337 1109 ⁷
387 1065 603 1098 lateranensis
629 1065 754 1099 Ordinis
779 1065 808 1099 S.
834 1065 1018 1108 Augustini,
1045 1066 1129 1109 quod

213 1825 323 1845 Decretum
335 1824 370 1845 de·

186 1851 277 1871 linitam.

387 1118 417 1150 in
442 1119 579 1151 secunda
603 1124 691 1162 parte
712 1119 972 1152 constitutionum
988 1120 1127 1152 eiusdem

385 1173 650 1215 congregationis,
663 1173 833 1216 apostoliea
852 1174 1038 1206 auctoritate
1060 1184 1129 1207 con-

386 1225 593 1266 firmatarum,
619 1237 685 1270 cap.
703 1237 787 1268 xxiv,
804 1227 884 1259 inter
905 1227 964 1259 alia
983 1227 1128 1260 statuitur

387 1285 414 1311 et
440 1285 584 1321 cavetur,
610 1285 643 1314 ut
667 1291 776 1313 omnes
801 1287 829 1313 et
854 1281 969 1323 singuli
995 1282 1127 1324 praelati

386 1332 486 1365 dictae
504 1335 768 1377 congregationis,
787 1345 922 1377 quorum
941 1336 1128 1367 monasteria

386 1397 529 1420 camerae
559 1394 685 1421 nostrae
718 1389 906 1431 apostolieae
937 1389 1128 1432 quindennia

386 1440 520 1481 solvunt,
547 1441 604 1474 sub
625 1442 840 1485 suspensionis
858 1442 896 1474 ab
913 1453 1022 1475 eorum
1041 1454 1128 1486 prae-

385 1495 493 1527 laturis
507 1495 545 1527 ad
562 1505 678 1527 annum
705 1498 817 1539 poena,
839 1496 1006 1539 quotannis
1024 1496 1055 1528 in
1075 1507 1128 1540 pu-

383 1547 468 1581 blica
493 1551 586 1592 capsa
611 1549 659 1581 sui
686 1549 867 1583 monasterii
889 1560 956 1582 eam
982 1551 1128 1593 pecunia-

384 1612 454 1634 rum
489 1601 693 1645 probatarum
730 1609 830 1635 ratam
867 1608 897 1636 et
927 1604 1127 1646 portionem,

385 1665 477 1698 quam
496 1655 526 1687 in
545 1655 606 1687 fine
624 1656 790 1689 cuiuslibet
813 1656 998 1699 quindennii
1024 1656 1126 1690 eidem

385 1718 529 1741 camerae
554 1710 675 1742 solvere
702 1714 865 1749 tenentur,
892 1710 1049 1754 deponere
1075 1710 1127 1743 de-

385 1760 487 1794 beant.

431 1816 445 1859 g
470 1816 499 1848 Ἰ.
517 1816 592 1848 [Iuni
611 1820 726 1856 autem,
748 1817 828 1849 sicut
845 1817 953 1850 eadem
972 1818 1127 1861 expositio

386 1869 608 1911 subiungebat,
623 1870 662 1902 ob
680 1877 860 1913 praesentes
886 1872 1078 1905 calamitates
1097 1873 1127 1905 in

386 1923 474 1955 Italia
496 1923 635 1965 vigentes
661 1924 803 1956 nonnulli
829 1924 968 1957 eiusdem
995 1936 1128 1969 congre-

386 1976 520 2018 gationis
534 1976 714 2019 superiores
732 1978 849 2021 reperti
868 1979 993 2020 suerint7
1011 1979 1075 2022 qui,
1091 1991 1126 2012 ex

386 2039 495 2062 eorum
522 2030 712 2072 negligentia
737 2037 767 2063 et
792 2032 923 2072 incuria,
951 2032 1126 2075 tempore¹‚

386 2093 448 2126 quo
462 2082 651 2126 quindennia
666 2084 846 2118 huiusmodi
861 2086 938 2118 solvi
962 2085 1125 2126 dehebant,

386 2140 469 2170 ratas
493 2143 522 2169 et
546 2138 707 2181 portiones
727 2138 902 2181 praedictas
920 2139 1124 2182 pecuniarum

387 2200 418 2223 se
433 2194 594 2233 tangentes
610 2192 737 2223 mininie
753 2192 974 2235 deposuerant,
992 2198 1025 2224 ut
1039 2203 1127 2236 prae—

386 2244 494 2286 fertur,
520 2245 634 2277 nedum
654 2256 725 2278 euin
747 2257 855 2278 eorum
878 2246 1126 2289 particularium⁷

387 2298 439 2330 sed
458 2299 550 2330 etiam
569 2299 661 2332 totius
680 2300 779 2342 ipsius
797 2300 1052 2342 congregationis
1070 2300 1127 2332 liu-

387 2351 521 2384 iusrnodi
548 2353 813 2386 n‘ionasteriorui‘n
840 2353 955 2385 damno
977 2358 1006 2385 et
1031 2353 1127 2386 detri-

978 161 1157 185 BULLARIUM
1181 160 1336 184 ROMANUM

1161 208 1341 241 definitores
1355 208 1494 242 eiusdem
1509 209 1776 252 congregationis,
1786 207 1901 242 habitis

1162 261 1296 305 desuper
1310 262 1403 293 variis
1421 262 1614 302 tractatibus,
1629 264 1816 307 maturatque
1829 272 1902 296 con-

1162 314 1351 347 sideratione
1375 314 1535 354 adhibita,
1561 315 1684 349 tandem
1711 316 1902 349 unanimiter

1161 368 1192 400 in
1218 369 1362 412 proxima
1382 369 1551 412 praeterita
1569 369 1709 402 eiusdem
1730 380 1902 413 congrega-

1162 422 1254 455 tionis
1286 422 1369 454 dieta
1400 422 1437 455 de
1474 433 1580 456 mense
1616 423 1688 455 maii
1725 423 1901 467 praesentis

1161 475 1232 508 anni
1254 476 1421 515 celebrata,
1440 486 1498 519 pro
1517 476 1598 508 bono
1618 476 1744 519 publico
1761 476 1902 510 eiusdem

1163 529 1419 572 congregationis
1444 529 1598 562 ediderint
1622 529 1784 562 decretum
1807 530 1902 563 infra-

1162 584 1325 627 scriptum,
1353 583 1470 617 tenoris
1494 584 1662 627 sequentis,
1688 583 1831 617 videlicet

1205 639 1220 681 g
1244 638 1272 671 2.
1299 638 1332 670 In
1347 638 1429 671 dieta
1446 638 1577 671 Arimini
1598 638 1757 671 celebrata
1774 638 1825 671 die
1839 648 1900 673 xxv

1163 691 1235 723 maii
1260 701 1431 732 mnchvn,
1463 702 1537 725 sess.
1574 692 1705 732 ultima,
1735 692 1780 724 uti
1805 691 1902 725 infra:

1168 744 1315 777 «tandem
1328 750 1526 789 reassumpto
1536 750 1668 778 tractatu
1676 745 1714 778 de
1723 745 1903 789 provisione

1163 808 1221 841 pro
1246 801 1331 831 certa
1357 798 1512 832 solutione
1532 799 1810 842 quindenniorum⁷
1831 808 1903 832 con-

1163 851 1285 884 clusum
1310 852 1367 884 suit
1392 863 1409 884 a
1434 852 1696 885 reverendissimo
1713 851 1902 893 definitori0,

1162 905 1288 938 nemine
1313 905 1520 949 discrepante,
1538 905 1653 939 debere
1679 916 1789 939 omnes
1811 915 1903 949 prae-

1163 958 1263 999 latos,
1296 970 1430 1002 quorum
1457 959 1647 992 monasteria
1677 959 1794 991 liabent
1825 968 1905 992 onus

1913 140 1967 188 an.
1983 161 2013 189 c.
2035 162 2098 191 ιω

1945 648 2040 672 Absolvit
2055 653 2102 670 orn—

1919 678 1975 705 tqres
1997 680 2009 696 ι
2029 681 2100 698 censu·

1919 708 1956 724 ΗΞ.

1163 1012 1441 1055 quindenniorum,
1467 1012 1540 1045 hine
1560 1012 1597 1045 ad
1612 1012 1726 1045 festum
1744 1012 1903 1046 Paschatis
1925 1055 1929 1057 λ

1164 1065 1418 1099 Resurrectionis
1440 1066 1562 1098 Domini
1583 1066 1688 1100 Nostri
1706 1066 1774 1099 Iesu
1790 1066 1904 1109 Christi

1163 1119 1305 1163 proxime
1319 1120 1415 1152 futuri
1430 1120 1502 1152 anni
1516 1130 1679 1153 Mocxcviu
1699 1119 1832 1160 mittere,
1847 1130 1904 1164 per

1164 1174 1282 1206 litteras
1308 1173 1433 1214 cambii,
1449 1174 1494 1206 vel
1509 1173 1570 1207 alio
1584 1173 1695 1217 quovis
1711 1173 1804 1207 modo
1815 1177 1904 1208 certo

1162 1232 1192 1259 et
1217 1227 1282 1259 sine
1307 1226 1458 1270 periculo,
1472 1227 1603 1260 Romam
1630 1227 1661 1259 in
1686 1227 1829 1260 manibus
1854 1236 1902 1259 rc-

1163 1280 1381 1312 vereudissimi
1394 1280 1491 1323 patris
1511 1280 1727 1323 procuratoris
1747 1279 1903 1323 generalis

1163 1338 1257 1368 totam
1284 1335 1368 1367 illam
1394 1334 1599 1377 quantitatem
1628 1334 1798 1378 pecuniae,
1824 1344 1902 1378 quae

1163 1398 1261 1431 usque
1285 1387 1387 1420 adhuc
1411 1388 1553 1431 deposita
1569 1388 1626 1422 suit
1650 1388 1739 1421 annis
1759 1388 1820 1420 iam
1845 1388 1904 1421 ela-

1162 1442 1234 1485 psis,
1249 1441 1330 1474 etde
1347 1447 1452 1474 cetero
1477 1441 1618 1484 quolibet
1642 1452 1724 1475 auno
1744 1447 1816 1474 ante
1837 1442 1904 1474 sab-

1163 1495 1267 1527 batum
1282 1500 1424 1528 sanetum
1439 1494 1584 1527 similiter
1609 1494 1709 1527 eidem
1730 1494 1811 1539 patri
1829 1505 1903 1538 pro-

1162 1548 1301 1581 curatori
1327 1548 1467 1591 generali
1494 1559 1553 1592 pro
1591 1552 1730 1592 tempore
1760 1548 1903 1582 existenti

1164 1602 1285 1636 mittent
1310 1613 1485 1643 summam,
1512 1613 1592 1646 quae
1617 1602 1788 1646 deposituri
1813 1606 1900 1637 tene-

1163 1657 1247 1690 bitur
1272 1657 1310 1689 ad
1335 1662 1434 1689 ratam
1460 1656 1555 1689 totius
1580 1656 1764 1700 quindennii
1788 1655 1827 1689 ad
1844 1656 1903 1689 hoc

1163 1716 1194 1743 ut
1209 1710 1395 1750 serventur¹,
1416 1710 1596 1743 solvendam
1617 1710 1682 1743 suis
1700 1710 1770 1744 loco
1784 1714 1814 1742 et
1828 1715 1903 1742 tem-

1161 1775 1248 1807 pore,
1262 1769 1292 1797 et
1305 1764 1564 1797 contrafacientes
1575 1763 1775 1796 declarantur
1790 1762 1903 1807 privati

1163 1818 1228 1861 ipso
1253 1818 1333 1851 facto
1362 1828 1435 1850 voce
1453 1818 1552 1850 activa
1569 1822 1599 1850 et
1615 1817 1748 1861 passiva,
1769 1822 1799 1850 et
1819 1816 1904 1849 inha-

1162 1871 1239 1903 biles
1263 1871 1302 1903 ad
1322 1882 1433 1904 omnes
1457 1870 1591 1914 gradus,
1617 1870 1719 1904 officia
1744 1876 1774 1904 et
1798 1870 1901 1913 digni-

1163 1929 1261 1965 tates,
1294 1924 1560 1968 quemadmodum
1593 1923 1686 1956 etiam
1725 1923 1903 1956 declaratur

1163 1978 1243 2010 idem
1271 1981 1360 2022 pater
1377 1982 1566 2021 procurator
1583 1977 1739 2020 generalis
1755 1988 1812 2021 pro
1830 1982 1903 2010 tem-

1165 2042 1241 2074 pore
1267 2031 1414 2071 existens7
1440 2031 1519 2063 sicut
1544 2036 1574 2063 et
1599 2030 1652 2072 illi,
1671 2030 1811 2074 privatus
1827 2040 1903 2063 voce

1162 2085 1263 2117 activa
1288 2090 1317 2117 et
1338 2084 1462 2128 passiva
1487 2084 1554 2128 ipso
1579 2085 1677 2125 sacto,
1702 2090 1731 2117 et
1756 2083 1902 2118 inhabilis

1161 2138 1199 2170 ad
1220 2148 1329 2171 omnes
1354 2138 1481 2181 gradus,
1506 2138 1608 2171 officia
1633 2144 1662 2170 et
1684 2137 1861 2180 dignitates,
1877 2138 1903 2171 si

1163 2197 1284 2235 partem
1316 2192 1470 2236 aliquam,
1497 2192 1697 2235 quantumvis
1723 2191 1901 2233 minimam,

1163 2245 1395 2288 praedictorum
1409 2245 1675 2289 quiudenniorum
1696 2255 1790 2278 ausus
1810 2244 1903 2278 fuerit

1163 2300 1193 2332 in
1218 2300 1313 2332 alium
1340 2310 1429 2332 usum
1456 2299 1630 2343 implicare,
1655 2303 1685 2332 et
1704 2298 1764 2331 nisi
1785 2298 1815 2330 in
1841 2297 1903 2331 sine

1163 2364 1235 2386 suae
1262 2352 1542 2386 administrationis
1573 2357 1602 2385 et
1632 2351 1778 2394 gubernii
1805 2356 1902 2385 totam

388 2410 501 2446 mento3
528 2412 757 2450 proptereaque
783 2406 888 2439 dilecti
913 2407 969 2439 lilii
985 2407 1126 2440 moderni
1162 2418 1317 2439 summani
1348 2406 1489 2439 omnium
1522 2405 1787 2449 quindenniorum
1813 2415 1902 2439 rece-

388 2458 482 2492 abbas
506 2461 673 2503 generalis,
696 2471 817 2493 necnon
839 2460 1016 2494 visitatores
1030 2465 1057 2494 et
1076 2461 1128 2493 alii
1164 2464 1289 2504 ptorum
1315 2460 1544 2503 consignaverit
1570 2458 1745 2493 successori
1771 2459 1800 2492 in
1819 2458 1901 2492 bona

428 2577 436 2600 1
460 2574 529 2603 Edit.
546 2576 624 2604 Μαίη.
643 2576 706 2613 legit
721 2579 877 2613 temporum
891 2576 928 2612 (a.
942 2584 990 2611 τη.

1143 2506 1146 2545 Ι

1143 2546 1146 2609 l
1196 2576 1209 2602 ‘t
1227 2577 1321 2605 Potius
1334 2577 1394 2613 lege
1409 2579 1534 2606 servetur
1549 2582 1590 2611 tn.
1608 2577 1655 2611 rs).
