2107 3142
54 181 102 207 Αιι.
118 179 148 207 C.
172 178 238 205 ¹653

76 974 217 996 Prooemium.

837 178 1044 202 INNOCENTIUS
1070 180 1088 202 X
1115 181 1160 202 1‘1‘.

248 305 339 338 Nova
354 303 519 348 deputatio
539 305 640 337 trium
657 309 914 338 conservatorum
929 316 989 349 pro

292 355 374 389 clero
403 357 594 390 secundario
619 358 761 390 civitatis
786 363 814 391 ct
839 357 990 391 dioecesis

292 409 479 442 Leodiensis
509 421 529 442 a
559 410 786 443 iurisdictione
817 410 990 444 ordinarii

293 461 468 505 exemplo¹.

249 539 373 568 Dilectis
387 540 460 567 filiis
479 540 579 567 abbati
597 541 772 569 monasterii
787 541 814 568 S.
833 542 990 570 Laurentii

284 587 370 610 extra
389 591 489 610 muros
514 584 701 618 madiensis,
722 590 753 612 et
769 585 813 612 Ss.
831 586 990 619 Apostolo-

283 635 350 654 rum
380 628 575 662 Coloniensis,
601 636 636 656 ac
661 629 690 656 S.
716 629 827 656 Mariae
848 631 990 657 ecclesia-

283 679 348 699 rum
369 671 471 706 oppidi
491 672 670 706 aquisgrani
685 672 859 700 Leodiensis
875 674 989 702 dioece-

284 716 327 743 sis
348 716 481 749 decanis,

445 770 638 798 Innocentius
664 771 744 804 Papa
762 771 794 798 X.

521 841 630 868 Dileeti
650 841 715 872 filii,

285 884 415 911 satutem
436 887 467 911 et
486 885 683 918 apostolicam
705 886 951 913 benedictionem.

294 964 327 996 In
347 974 497 1007 supremo
515 964 676 997 militantis
690 965 847 998 Ecclesiae
864 967 989 1007 throno,

250 1017 371 1049 meritis
402 1017 476 1050 licet
501 1017 692 1061 imparibus,
717 1019 912 1053 inscrutabili
935 1020 988 1052 Dei

249 1069 447 1113 providentia
484 1071 664 1110 constituti,
695 1072 861 1114 pastoralis
895 1073 989 1105 officii

249 1121 349 1154 nostri
369 1128 474 1165 partes
491 1133 558 1155 esse
579 1123 810 1165 cognoscimus,
829 1129 862 1156 ut
881 1134 990 1167 perso-

249 1183 361 1206 narum
380 1175 662 1207 ecclesiasticarum
688 1175 757 1207 iura
781 1176 902 1218 integra
920 1187 989 1210 con-

248 1236 394 1267 servare,
425 1237 598 1270 earumque
623 1227 811 1270 dispendiis,
837 1235 987 1272 quantum

248 1279 339 1312 nobis
363 1290 400 1312 ex
425 1280 487 1313 alto
505 1280 701 1320 conceditur,
721 1291 890 1313 occurrere
904 1281 985 1326 'pro-

247 1332 353 1376 pensis
378 1332 489 1364 studiis
514 1333 680 1365 enitamur.
705 1334 795 1373 Sane,
812 1345 870 1377 pro
899 1341 988 1378 parte

247 1384 434 1418 dilectorum
460 1385 599 1418 filiorum
629 1387 883 1429 congregationis
913 1389 988 1421 cleri

247 1437 424 1470 secundarii
449 1437 628 1470 Leodiensis
653 1449 670 1470 a
695 1439 909 1472 iurisdictione
938 1451 987 1473 or-

246 1489 367 1522 dinaria
393 1490 580 1522 venerabilis
612 1491 718 1523 fratris
745 1491 885 1535 episcopi
910 1493 988 1526 Leo-

247 1542 363 1575 dieusis
387 1543 545 1586 exempti,
569 1544 660 1576 nobis
684 1554 784 1587 nuper
812 1546 987 1588 expositum

246 1596 315 1636 suit,
331 1596 426 1639 quod,
444 1606 526 1635 cum,
544 1607 640 1639 super
665 1597 864 1630 revocatione
890 1598 989 1631 indul-

246 1654 351 1683 torum
377 1649 587 1693 deputationis
613 1655 771 1682 certorum
793 1658 990 1685 conservato-

246 1714 318 1735 rum
340 1708 372 1735 ct
396 1703 535 1735 iudicum
554 1702 671 1735 dudum
690 1714 747 1746 per
762 1704 859 1737 felicis
880 1716 988 1738 recor-

246 1755 381 1788 dationis
411 1755 573 1789 Nicolaum
600 1756 622 1787 V
655 1762 685 1788 et
717 1756 835 1789 Sixtum
862 1758 898 1789 lV
928 1759 988 1791 Ro-

248 1819 358 1841 manos
383 1808 548 1841 Pontifices
575 1808 836 1852 praedecessores
864 1816 988 1844 nostros

248 1861 370 1894 dilectis
387 1861 460 1894 siliis
475 1861 610 1902 decanis,
626 1861 779 1905 capitulis,
794 1862 989 1906 singulisque

247 1915 405 1947 canonicis
430 1920 460 1947 et
484 1915 628 1958 personis
656 1915 893 1957 collegiatarum
919 1917 990 1949 civi-

247 1967 318 2001 tatis
343 1973 372 1999 et
395 1967 548 2001 dioecesis
579 1968 759 2000 Leodiensis
784 1969 989 2002 ecclesiarum

247 2021 438 2064 illarumque
462 2021 635 2064 suppositis
660 2031 894 2063 concessorum,
916 2033 990 2055 nou-

246 2074 352 2107 nullae
386 2074 563 2106 dubietates
596 2074 761 2107 occasione
793 2075 989 2108 constitutio-

247 2138 324 2160 num
350 2126 558 2170 quarumdam
577 2138 593 2158 a
610 2127 797 2159 recolendae
817 2129 989 2161 memoriae

247 2180 406 2214 Clemente
431 2179 495 2211 VIII
524 2184 554 2211 et
581 2179 736 2222 Gregorio
763 2180 814 2212 XV
843 2181 990 2213 Romanis

248 2234 342 2266 etiam
374 2232 578 2265 Pontificibus
608 2232 904 2275 praedecessoribus
934 2243 990 2267 no-

247 2286 322 2320 stris
357 2290 595 2326 emanatarum‚
627 2285 658 2316 in
691 2285 805 2328 quibus,
839 2285 988 2318 similium

248 2338 387 2371 iudicum
419 2348 474 2370 seu
495 2343 752 2371 conservatorum
774 2337 990 2381 deputationes

248 2392 434 2424 multifarias
458 2393 702 2433 restringuntur,
723 2391 907 2432 limitantur,
927 2402 992 2425 mo-

250 2444 427 2486 dificantur,
451 2444 651 2477 declarantur
676 2449 705 2476 et
730 2449 917 2476 revocantur
941 2455 990 2477 re-

250 2497 397 2540 spective,
421 2497 588 2530 suscitatae
612 2496 745 2536 suerint,
770 2496 828 2539 ipsi
853 2507 910 2540 per
933 2506 990 2530 nos

286 2560 299 2585 1
321 2558 358 2585 Ex
378 2558 484 2593 Regest.
506 2558 533 2584 in
553 2558 658 2584 Secret.
680 2557 757 2584 Brev.

1667 169 1725 202 7421

1023 232 1201 270 opportune
1231 227 1366 270 desuper
1395 227 1556 271 provideri
1587 237 1766 270 summope-

1023 289 1057 311 re
1082 279 1267 313 desiderant.
1293 280 1355 312 Nos
1379 279 1485 322 igitur,
1507 279 1681 312 dubietates
1706 279 1765 311 hu-

1024 331 1157 364 iusmodi
1191 342 1374 374 removere,
1410 343 1446 365 ac
1481 333 1652 375 praefatam
1682 341 1760 364 con—

1023 385 1240 427 gregationem
1269 385 1344 418 cleri
1373 385 1550 418 secundarii
1582 384 1763 417 huiusmodi

1023 437 1212 480 specialibus
1239 438 1397 471 favoribus
1426 443 1456 471 et
1480 437 1587 480 gratiis
1615 437 1763 481 prosequi

1024 490 1172 531 volentes,
1198 490 1400 534 eiusdemque
1426 489 1681 532 congregationis
1705 489 1764 522 sin-

1024 543 1148 584 gulares
1173 553 1324 586 personas
1349 554 1366 575 a
1392 543 1555 586 quibusvis
1585 553 1765 575 excommu-

1023 595 1199 635 nicationis,
1217 597 1433 639 suspensionis
1451 601 1481 628 et
1498 595 1668 634 interdicti,
1684 595 1764 627 aliis-

1023 658 1083 691 que
1113 648 1331 681 ecclesiastieis
1358 648 1540 690 sententiis,
1565 648 1706 681 censuris
1733 653 1764 680 et

1025 702 1144 744 poenis,
1170 712 1186 733 a
1211 702 1279 734 iure
1296 702 1341 734 vel
1364 702 1401 733 ab
1421 701 1560 741 homine,
1578 701 1687 744 quavis
1715 711 1764 733 oc·

1025 755 1149 786 casione
1174 755 1221 787 vel
1254 757 1346 787 causa
1378 754 1464 793 latis,
1490 754 1514 786 si
1540 754 1653 797 quibus
1678 764 1760 796 quo-

1025 807 1194 839 modolibet
1217 807 1380 840 innodatae
1398 807 1543 847 existunt,
1562 806 1599 838 ad
1617 806 1762 838 effectum

1024 859 1235 902 praesentium
1254 859 1413 892 dumtaxat
1430 859 1694 902 consequendum,
1712 859 1766 890 ha-

1024 923 1094 945 rum
1121 913 1202 945 serie
1225 912 1421 946 absolventes
1446 917 1475 946 et
1499 912 1675 945 absolutum
1697 912 1763 944 sore

1024 971 1195 1006 censentes,
1214 965 1492 1008 supplicationibus
1510 965 1764 1008 congregationis

1024 1018 1100 1051 cleri
1125 1017 1301 1050 secundarii
1327 1017 1507 1050 huiusmodi
1527 1017 1653 1049 nomine
1672 1017 1764 1049 nobis

1024 1081 1119 1114 super
1144 1071 1204 1104 boc
1228 1071 1392 1103 humiliter
1416 1071 1570 1113 porrectis
1603 1070 1763 1109 inclinati,

1023 1124 1061 1156 de
1086 1128 1158 1156 voto
1182 1124 1380 1167 particularis
1405 1124 1657 1166 congregationis
1684 1133 1762 1155 non-

1023 1176 1182 1208 nullorum
1208 1175 1236 1208 S.
1263 1177 1296 1208 P..
1318 1177 1350 1209 E.
1376 1176 1578 1209 cardinalium
1604 1176 1642 1208 ad
1666 1186 1764 1218 nego-

1024 1229 1101 1260 tium
1122 1228 1302 1260 buiusmodi
1321 1228 1550 1260 discutiendum
1569 1238 1585 1259 a
1603 1228 1694 1260 uobis
1711 1229 1762 1260 de-

1023 1286 1158 1324 putatae,
1175 1280 1355 1313 diseretioni
1374 1284 1494 1314 vestrae
1511 1291 1568 1324 per
1584 1286 1756 1323 praesente:>

1023 1333 1249 1366 committimus
1266 1338 1296 1365 et
1312 1333 1506 1374 mandamus,
1528 1339 1679 1376 quatenus
1697 1344 1761 1373 vos,

1024 1387 1069 1420 vel
1094 1388 1168 1425 duo,
1191 1391 1244 1418 aut
1268 1396 1348 1418 unus
1373 1392 1522 1427 vestrum,
1548 1396 1604 1429 per
1629 1396 1692 1426 vos,
1714 1387 1760 1419 vel

1023 1440 1129 1480 alium,
1146 1449 1201 1472 seu
1218 1440 1305 1479 alios,
1324 1439 1444 1471 etiamsi
1466 1439 1526 1472 sint
1542 1445 1628 1471 extra
1646 1440 1714 1471 loca
1732 1440 1762 1471 in

1022 1493 1136 1536 quibus
1153 1502 1211 1535 per
1230 1491 1354 1524 casdem
1372 1497 1552 1535 praesentes
1569 1491 1761 1535 deputamini

1023 1548 1260 1577 conservatores
1274 1547 1304 1577 et
1320 1543 1448 1582 iudices,
1465 1544 1612 1587 praefatis
1625 1544 1761 1584 decanis,

1023 1597 1175 1640 capitulis,
1202 1596 1370 1638 canonicis,
1389 1596 1531 1639 personis
1548 1601 1578 1629 et
1593 1597 1762 1640 suppositis

1023 1650 1233 1683 communiter
1249 1650 1295 1681 vel
1314 1649 1437 1681 divisim
1456 1649 1589 1682 efficacis
1608 1650 1763 1683 defensio-

1022 1704 1069 1736 nis
1093 1703 1249 1747 praesidio
1274 1702 1462 1744 assistentes,
1488 1712 1551 1735 non
1574 1703 1762 1746 permittatis

1022 1767 1085 1799 eos,
1111 1758 1158 1789 vel
1182 1766 1292 1789 eorum
1316 1756 1468 1798 aliquem,
1493 1756 1584 1788 etiam
1612 1756 1642 1787 in
1672 1756 1763 1788 bonis

1022 1809 1191 1843 mobilibus
1211 1814 1241 1841 et
1265 1807 1479 1841 immobilibus
1499 1807 1714 1851 spiritualibus
1734 1813 1763 1843 et

1023 1862 1260 1906 temporalibus,
1274 1861 1311 1893 ad
1326 1861 1410 1904 ipsos
1424 1860 1558 1893 decanos
1575 1866 1605 1892 ct
1618 1861 1762 1904 capitula,

1023 1915 1201 1954 canonicos,
1218 1924 1369 1957 personas
1387 1919 1417 1945 ct
1433 1914 1619 1956 suppositos,
1634 1919 1696 1945 tam
1717 1925 1763 1946 ra—

1023 1968 1107 2001 tione
1131 1977 1405 2010 quorumcumque
1429 1966 1655 1999 beneficiorum
1683 1977 1758 1999 suo-

1023 2032 1092 2053 rum
1119 2019 1414 2059 ecclesiasticorum,
1434 2029 1527 2062 quam
1553 2029 1761 2061 personarum

1024 2084 1161 2115 suarum,
1176 2083 1211 2106 ac
1228 2073 1303 2105 alias
1320 2073 1590 2116 qualitercumque
1608 2076 1638 2105 et
1654 2074 1762 2115 quavis

1023 2126 1188 2159 occasione
1212 2135 1266 2158 seu
1295 2125 1389 2157 causa
1413 2124 1636 2168 spectantibus,
1654 2130 1761 2157 contra

1024 2179 1194 2212 laudabiles
1212 2178 1452 2211 consuetudines
1476 2188 1493 2210 a
1512 2183 1654 2220 tempore
1675 2178 1763 2210 euius

1024 2232 1182 2265 contraria
1206 2231 1359 2264 memoria
1383 2241 1446 2264 non
1471 2231 1574 2263 existit
1598 2230 1762 2263 inviolabi-

1024 2285 1094 2318 liter
1123 2284 1320 2325 observatas,
1349 2293 1471 2316 necnon
1499 2282 1684 2326 privilegia,
1709 2283 1760 2314 in—

1023 2337 1119 2377 dulta,
1143 2336 1368 2379 exemptiones,
1390 2335 1562 2375 libertates,
1587 2334 1764 2366 immunita-

1024 2394 1070 2422 tes
1094 2394 1125 2422 et
1148 2388 1309 2421 francisias
1333 2387 1408 2431 ipsis
1432 2387 1574 2427 decanis,
1600 2387 1763 2430 capitulis,

1024 2442 1192 2483 canonicis,
1215 2440 1357 2485 personis
1377 2445 1407 2472 et
1426 2440 1577 2480 ecclesiis,
1597 2440 1628 2472 in
1648 2450 1764 2482 genere

1024 2495 1073 2528 vel
1104 2495 1135 2527 in
1167 2493 1288 2538 speeie,
1313 2493 1406 2526 etiam
1435 2503 1453 2526 a
1481 2493 1560 2526 Sede
1584 2493 1764 2536 Apostolica

1025 2557 1182 2586 concessa,
1202 2556 1217 2578 a
1239 2546 1401 2589 quibusvis
1425 2545 1681 2589 archiepiscopis,
1699 2546 1764 2589 epi-

1778 180 1827 206 Au.
1843 180 1873 206 C-
1894 180 1907 206 1
1913 179 1965 207 653

1814 1292 1905 1316 imputat
1920 1291 1963 1309 tres

1789 1318 1949 1337 cnmrmtoros

1778 1349 1815 1368 pru
1824 1344 1880 1363 clero
1888 1347 1963 1370 set-un-

1779 1370 1837 1389 ilario
1869 1370 1962 1388 civitatis

1779 1399 1799 1415 οι,
1856 1394 1961 1416 dioecesis

1779 1422 1910 1443 [motilensis.
