2107 3142
252 182 256 194 ι
295 171 320 194 ⁸2,
349 170 408 196 ttvlt

459 161 499 193 94³»

428 218 521 251 modo
548 219 674 250 inlicere
691 217 804 260 possit,
824 228 886 260 qno
911 218 1035 250 inseeit¹
1068 219 1167 262 prima

428 271 629 313 trangressio.

472 335 533 357 12111.
559 327 712 363 Quantum
732 329 826 357 estex
850 325 877 357 ri
897 327 1167 369 transgressionis,

428 383 545 409 tantuin
567 378 754 410 meritorum
776 378 931 411 malorum
957 389 973 411 a
998 385 1168 422 generante

427 430 616 464 contrahunt
632 430 685 474 qui
706 441 777 463 cum
796 431 972 464 minoribns
997 437 1169 466 nascuntur

429 482 520 523 titiis,
545 494 639 526 quam
661 484 714 527 qui
735 495 807 517 cum
828 485 1012 518 maioribus.

471 546 533 568 ων.
568 537 730 570 Detinitira
760 538 837 571 haec
871 538 1043 578 sententia,
1071 539 1168 571 Deum

428 589 548 622 homini
567 590 643 622 nihil
664 590 858 634 impossibile
872 591 1169 635 p1·aecepisse‚salso

429 642 579 675 tribuitur
591 644 776 685 Augustino,
787 655 859 676 cnm
885 644 1001 687 Pelagii
1017 644 1064 676 sit.

472 706 521 728 ω’.
548 696 629 728 Deus
645 706 708 730 non
736 696 889 740 potuisset
912 697 951 729 ab
969 697 1057 730 initio
1079 697 1169 731 talem

429 760 538 782 creare
563 750 736 789 hominem,
753 750 854 793 qualis
878 760 961 783 nnnc
986 750 1135 783 nascitur.

473 813 532 835 ixi.
560 803 592 834 ln
617 807 744 846 peceato
765 803 828 837 duo
845 809 927 844 sunt,
950 809 1038 836 actus
1058 807 1087 838 et
1107 814 1171 836 rea-

430 860 490 895 tns;
513 861 693 888 transeunte
710 862 814 889 autem
832 862 914 897 actu,
935 857 1013 890 nihil
1030 861 1171 891 remanet

428 910 487 942 nisi
513 915 627 950 reatus,
652 910 717 943 sive
742 910 893 953 obligatio
917 911 956 943 ad
981 921 1136 955 poenam,

474 974 546 996 mn.
573 964 659 997 Unde
677 964 706 996 in
731 970 927 998 sacramento
947 965 1105 1009 baptismi,
1119 970 1172 997 aut

429 1017 601 1050 sacerdotis
615 1017 822 1057 absolutione,
841 1018 970 1061 proprie
983 1024 1088 1051 reatus
1104 1030 1172 1062 pec-

429 1070 489 1102 cati
516 1071 678 1104 dumtaxat
705 1071 833 1112 tollitur,
852 1076 882 1103 et
902 1071 1110 1105 ministerium
1128 1083 1172 1105 sa-

430 1123 592 1156 cerdotum
619 1124 721 1157 solum
742 1124 854 1156 liberat
881 1134 897 1156 a
918 1130 1016 1157 reatu.

475 1188 560 1211 Lvnl.
587 1179 735 1211 Peccator
762 1178 926 1221 poenitens
950 1189 1013 1212 non
1034 1179 1171 1212 virifica-

432 1238 480 1265 tur
506 1231 680 1266 ministerio
701 1231 872 1264 sacerdotis
896 1232 1097 1273 absolventis,
1118 1233 1171 1265 sed

430 1297 447 1317 a
472 1286 540 1318 solo
565 1286 639 1325 Deo,
663 1285 727 1328 qni,
753 1284 979 1328 poenitentiam
998 1295 1172 1328 suggerens

431 1345 461 1371 et
489 1339 657 1382 inspirans,
685 1338 819 1371 viviticat
841 1349 912 1371 eum
936 1344 967 1371 et
990 1338 1171 1372 resuscitat:

432 1392 606 1426 ministerio
631 1397 735 1425 autem
754 1392 926 1426 sacerdotis
943 1393 1045 1425 solum
1067 1398 1173 1426 reatus

432 1446 561 1479 tollitur.

476 1510 537 1533 mx.
564 1500 694 1538 Quando
722 1510 780 1543 per
812 1500 1026 1544 eleemosynas
1051 1500 1173 1544 aliaque

433 1554 643 1598 poenitentiae
667 1564 765 1597 opera
792 1554 855 1587 Deo
880 1554 1089 1587 satisfacimus
1115 1565 1174 1598 pro

433 1608 544 1652 poenis
574 1608 822 1651 temporalibus,
850 1618 913 1641 non
938 1608 1069 1651 dignum
1095 1619 1170 1651 pre-

433 1663 510 1695 tinm
536 1662 599 1695 Deo
617 1673 675 1705 pro
692 1662 828 1706 peccatis
848 1662 964 1695 nostris
988 1662 1152 1695 offerimus
1166 1690 1173 1704 ,

432 1716 513 1748 sicut
544 1715 671 1759 quidam
705 1721 846 1748 errantes
882 1719 1046 1749 autumant
1082 1716 1173 1758 (nam

432 1769 573 1812 alioquin
598 1779 747 1809 essemus,
769 1768 879 1800 saltem
902 1768 1007 1812 aliqua
1023 1779 1058 1801 ex
1076 1774 1173 1812 parte,

433 1820 677 1863 redemptores),
702 1819 757 1852 sed
774 1819 893 1862 aliquid
918 1819 1061 1859 facimus,
1086 1820 1175 1853 cuius

434 1873 548 1905 intuitu
578 1873 691 1906 Christi
718 1872 886 1906 satisfactio
910 1872 1001 1906 nobis
1033 1873 1174 1916 applica-

434 1932 485 1959 tur
510 1931 541 1959 et
565 1926 826 1959 communicatur.

479 1989 527 2012 Lx.
555 1980 613 2012 Per
636 1979 798 2023 passiones
816 1985 1008 2020 sanctorum,
1028 1979 1059 2011 in
1077 1979 1175 2012 indul-

433 2033 546 2076 gentiis
571 2032 831 2073 communicatas,
853 2042 916 2065 non
941 2033 1071 2076 proprie
1097 2033 1175 2065 redi-

435 2091 563 2120 muntur
591 2091 699 2119 nostra
726 2085 855 2128 delicta,
873 2085 927 2118 sed
952 2097 1008 2129 per
1033 2097 1175 2119 commu-

434 2140 562 2173 nionem
583 2139 743 2172 charitatis
767 2139 860 2172 nobis
877 2149 988 2172 eorum
1013 2140 1175 2183 passiones

435 2193 668 2237 impertiuntur,
693 2198 726 2225 ut
750 2192 836 2235 digni
862 2193 971 2233 simus,
992 2192 1047 2236 qui
1072 2193 1175 2236 pretio

435 2246 596 2289 sanguinis
628 2245 741 2278 Christi
765 2256 782 2278 a
807 2245 916 2289 poenis
946 2256 1004 2289 pro
1038 2246 1176 2289 peccatis

434 2300 547 2334 debitis
572 2299 754 2333 liberemur.

480 2363 539 2386 in.
554 2353 608 2386 llla
629 2352 795 2385 doctorum
813 2351 983 2392 distinctio,
997 2352 1119 2385 divinae
1137 2353 1176 2385 le-

435 2408 483 2449 gis
497 2406 640 2440 mandata
653 2405 799 2439 bifariam
817 2406 952 2449 impleri,
966 2406 1065 2439 altero
1081 2406 1176 2439 modo

435 2466 586 2503 quantum
611 2460 649 2492 ad
673 2464 915 2503 praeceptorum
941 2470 1075 2503 operum
1100 2460 1176 2492 sul)-

436 2515 580 2547 stantiam
606 2518 737 2555 tantum,
761 2514 860 2547 altero
885 2519 1036 2558 quantum
1054 2514 1092 2547 ad
1109 2524 1175 2547 ccr-

473 2579 482 2603 1
506 2576 534 2604 ln
555 2577 614 2605 loeo
634 2576 764 2613 parallelo
783 2576 881 2612 legitur
900 2577 993 2612 inficit
1013 2577 1051 2612 (n.
1072 2578 1122 2612 T.).

1001 173 1017 194 15
1024 172 1035 194 t
1042 172 1151 194 cathir
1159 173 1179 195 >11
1205 172 1312 195 hetin
1319 172 1360 195 [31

1204 224 1267 251 tum
1279 220 1445 263 quemdam
1461 220 1600 262 niodum,
1610 220 1753 254 videlicet
1769 220 1941 253 secundum

1203 283 1296 315 quem
1331 272 1452 306 valeant
1483 278 1666 317 operantem
1698 272 1873 316 perducere
1904 272 1942 304 ad

1203 336 1336 368 regnum
1350 330 1511 360 aeternum
1531 327 1605 369 (hoc
1618 332 1665 359 est
1681 326 1719 358 ad
1736 326 1863 359 modum
1883 336 1944 358 me-

1204 379 1362 423 ritorum),
1381 380 1596 413 commentitia
1613 386 1659 412 est
1686 385 1716 412 et
1739 379 1941 423 explodenda.

1248 443 1320 466 an.
1336 434 1390 466 Illa
1410 444 1537 477 quoque
1550 433 1720 472 distinctio,
1731 444 1793 477 qua
1809 444 1889 477 opus
1902 433 1943 466 di—

1204 486 1285 519 citur
1298 486 1456 520 bisariam¹
1470 487 1600 527 bonum,
1618 487 1665 519 vel
1679 486 1751 530 quia
1765 497 1801 519 ex
1819 487 1943 520 obiecto

1204 544 1234 571 et
1258 539 1405 572 omnibus
1430 539 1673 573 circumstantiis
1699 543 1820 573 rectum
1845 544 1892 572 est
1915 544 1945 572 et

1204 591 1321 625 bonum
1339 592 1437 636 (quod
1461 592 1623 626 moraliter
1644 592 1761 625 bonum
1787 591 1945 635 appellare

1205 646 1460 687 consueverunt),
1475 645 1521 678 vel
1535 645 1609 688 quia
1622 651 1669 678 est
1682 644 1880 678 meritorium
1898 655 1945 677 rc-

1205 698 1257 740 gni
1283 698 1423 740 aeterni,
1448 709 1485 732 eo
1515 698 1601 742 quod
1635 698 1670 731 sit
1694 709 1712 731 a
1737 698 1806 731 viro
1830 697 1944 731 Christi

1206 750 1349 784 membro
1361 761 1418 794 per
1432 751 1576 795 spiritum
1594 751 1765 791 charitatis,
1776 750 1946 784 reiieienda

1205 809 1260 837 est.

1250 868 1333 891 thn.
1352 858 1411 891 Sed
1426 862 1456 892 et
1470 858 1522 891 illa
1535 858 1692 892 distinctio
1711 858 1845 902 duplicis
1862 859 1947 891 iusti-

1207 911 1276 952 tiae,
1294 911 1422 943 alterius
1447 921 1526 954 qnae
1550 911 1585 944 sit
1605 922 1662 954 per
1682 911 1829 954 spiritum
1848 911 1947 944 chari-

1207 965 1277 997 tatis
1292 964 1529 1006 inhabitantem,
1555 965 1684 999 alterius
1701 976 1782 1009 quae
1798 965 1833 998 fit
1849 976 1886 998 ex
1905 965 1946 997 in-

1206 1018 1381 1061 spiratione
1405 1018 1533 1061 quidem
1558 1018 1692 1062 Spiritus
1716 1018 1820 1052 Sancti
1837 1029 1892 1052 cor
1909 1018 1947 1051 ad

1206 1072 1429 1115 poenitentiam
1455 1072 1629 1113 excitantis,
1650 1071 1704 1104 sed
1728 1071 1867 1105 nondum
1892 1080 1948 1104 cor

1207 1125 1409 1158 inhabitantis
1439 1131 1469 1158 ct
1501 1125 1532 1159 in
1557 1136 1594 1159 eo
1624 1126 1808 1160 charitatem
1833 1125 1948 1158 diffun-

1206 1179 1308 1211 dentis
1332 1189 1394 1222 qua
1418 1178 1540 1211 divinae
1572 1179 1650 1222 legis
1679 1178 1858 1212 iustificatio
1883 1178 1944 1211 im-

1208 1232 1353 1275 pleatur,
1378 1232 1523 1265 similiter
1547 1232 1698 1265 reiicitur.

1252 1293 1333 1316 inv.
1360 1284 1434 1317 Item
1461 1289 1491 1316 et
1514 1284 1566 1316 illa
1583 1283 1741 1317 distinctio
1757 1283 1890 1327 duplicis
1908 1283 1949 1315 vi-

1208 1337 1404 1377 vificationis,
1429 1337 1568 1377 alterius,
1593 1348 1654 1380 qua
1679 1336 1854 1370 vivificatur
1874 1347 1949 1380 pec-

1207 1396 1311 1431 cator,
1337 1391 1412 1423 dum
1430 1391 1457 1424 ei
1478 1390 1670 1434 poenitentia
1695 1395 1725 1423 et
1751 1390 1831 1423 vitae
1850 1399 1950 1423 novae

1207 1444 1405 1488 propositum
1431 1449 1461 1476 et
1485 1443 1644 1477 inchoatio
1669 1454 1725 1487 per
1743 1443 1797 1475 Dei
1814 1443 1948 1486 gratiam

1207 1498 1397 1540 inspiratur,
1422 1497 1573 1537 alterius,
1605 1507 1667 1540 qua
1691 1496 1868 1529 vivificatur
1895 1496 1949 1539 qui

1208 1562 1281 1583 vere
1306 1551 1494 1585 iustihcatur
1513 1556 1543 1584 et
1566 1551 1685 1594 palmes
1704 1550 1790 1583 vivus
1814 1550 1846 1582 in
1870 1550 1950 1583 vitae

1207 1604 1330 1637 Christo
1355 1603 1498 1645 efficitur,
1519 1603 1637 1647 pariter
1654 1602 1870 1637 commentitia
1894 1607 1950 1644 est,

1208 1663 1238 1691 et
1264 1657 1435 1701 scripturis
1464 1657 1594 1690 minime
1619 1666 1807 1699 congruens.

1253 1721 1322 1744 Lxx:
1349 1711 1478 1744 Nonnisi
1507 1710 1675 1754 pelagiano
1696 1720 1806 1743 errore
1829 1710 1951 1743 admitti

1208 1770 1311 1808 potest
1335 1775 1410 1797 usus
1431 1764 1544 1807 aliquis
1569 1764 1660 1796 liberi
1680 1763 1804 1796 arbitrii
1827 1763 1951 1804 bonus,

1209 1818 1273 1851 sive
1297 1828 1361 1851 non
1384 1818 1504 1857 malus;
1529 1823 1559 1850 et
1583 1817 1704 1859 gratiae
1732 1817 1847 1851 Christi
1872 1817 1950 1849 inin-

1210 1871 1289 1904 riam
1306 1871 1387 1913 facit,
1406 1871 1459 1915 qui
1477 1871 1518 1904 ita
1537 1870 1630 1904 sentit
1647 1876 1677 1903 et
1693 1870 1795 1904 docet.

1254 1934 1337 1958 vai.
1358 1924 1430 1957 Sola
1454 1923 1601 1958 violentia
1633 1928 1789 1967 repugnat
1812 1923 1950 1957 libertati

1210 1978 1348 2012 hominis
1367 1977 1512 2011 naturali.

1255 2040 1349 2064 vait.
1364 2031 1466 2064 Homo
1479 2035 1598 2074 peccat,
1612 2030 1705 2063 etiam
1719 2029 1950 2071 damnabiliter,

1211 2085 1241 2117 in
1266 2095 1303 2118 eo
1323 2084 1407 2128 quod
1433 2084 1611 2117 necessario
1628 2084 1709 2117 sacit.

1255 2148 1361 2171 vain.
1387 2138 1556 2171 Insidclitas
1574 2148 1654 2181 pure
1676 2137 1820 2180 negativa
1843 2138 1874 2170 in
1891 2138 1950 2178 his,

1211 2192 1241 2224 in
1265 2192 1380 2235 quibus
1404 2191 1544 2225 Christus
1568 2201 1631 2225 non
1663 2196 1709 2224 est
1732 2191 1950 2235 praedicatus,

1210 2250 1374 2288 peccatum
1399 2250 1454 2278 est.

1255 2309 1335 2331 cxix.
1350 2299 1533 2331 Institicatio
1547 2298 1635 2342 impii
1653 2298 1687 2331 fit
1704 2298 1878 2332 formaliter
1894 2309 1951 2342 per

1211 2352 1423 2386 obedientiam
1440 2352 1529 2395 legis,
1546 2362 1609 2385 non
1633 2356 1737 2385 autem
1763 2362 1820 2395 per
1844 2353 1950 2385 occul-

1211 2411 1274 2438 tam
1307 2405 1627 2439 communicationem
1652 2411 1682 2438 et
1713 2405 1951 2448 inspirationem

1211 2459 1352 2502 gratiae,
1377 2469 1457 2501 quae
1480 2469 1537 2502 per
1563 2468 1630 2491 eam
1651 2458 1834 2491 iustificatos
1859 2458 1951 2492 saciat

1210 2513 1341 2556 implere
1362 2513 1473 2555 legem.

1244 2577 1258 2603 1
1275 2575 1341 2604 Male
1357 2575 1422 2603 edit.
1440 2574 1519 2603 lllain.
1534 2574 1598 2611 legit
1613 2575 1752 2611 bisarium
1767 2575 1807 2611 (n.
1820 2575 1868 2612 T.)-

1952 172 2001 199 An.
2023 173 2050 201 G.
2067 175 2103 201 tsi(
