2107 3142
178 164 224 191 An.
243 165 269 192 C.
295 165 362 193 1042

251 818 366 844 {inrogati-

181 847 341 867 contrariorum.

408 155 471 191 178

380 224 516 258 suosque
536 214 694 258 plenarios
711 216 741 246 et
758 213 898 256 integros
919 210 1048 245 effectus
1059 222 1123 245 sor-

382 268 434 300 tiri
459 273 488 300 et
502 266 654 307 obtinere,
672 271 701 299 et
719 262 756 299 ab
775 265 923 299 omnibus
937 270 967 299 et
979 265 1121 308 singulis,

378 332 457 365 quos
481 321 533 352 illa
551 324 747 353 concernunt
770 324 801 352 et
825 324 1016 353 concerncnt
1033 319 1063 352 in
1078 319 1122 351 su-

379 378 495 415 turum,
522 372 745 407 inviolabiliter
764 378 795 406 et.
813 373 1001 407 inconcusse
1018 371 1123 406 ohser-

378 427 460 468 rari,
485 426 592 470 sicque
617 437 673 470 per
697 436 916 471 quoscumque
937 425 1056 460 iudices
1073 436 1122 458 or-

379 479 517 512 dinarios
551 484 581 512 et
609 479 789 523 delegatos,
827 480 921 513 etiam
956 490 1122 512 causarum

378 533 487 578 palatii
507 533 673 578 apostolici
691 533 862 574 auditores,
878 533 1010 567 iudicari
1029 538 1058 566 et
1074 533 1125 566 de—

379 587 464 621 finiri
489 586 616 629 debere,
641 598 676 621 ac
694 588 819 621 irritum
841 593 870 620 et
891 587 992 628 inane,
1007 587 1030 620 si
1048 586 1122 631 quid

380 652 469 674 secus
493 652 590 685 super
614 642 661 674 bis
686 652 704 674 a
727 652 901 685 quoquam,
928 641 1037 687 quavis
1061 651 1119 673 au-

381 694 542 736 ctoritate,
566 695 702 729 scienter
724 695 773 727 vel
797 695 997 738 ignoranter,
1024 694 1123 728 conti-

379 749 463 792 gerit
485 750 643 782 attentari.

425 803 440 846 §
464 802 493 835 5.
527 802 595 835 Non
619 800 816 836 obstantibus
847 801 1125 835 constitutionibus

381 862 411 889 et
436 855 688 890 ordinationibus
711 855 910 900 apostolicis,
940 867 975 889 ac
1000 855 1125 889 Ordinis

381 914 411 942 ct
431 910 686 953 congregationis
705 909 900 950 huiusmodi,
922 911 1014 942 etiam
1041 909 1124 942 iura-

381 968 508 1004 mento,
535 962 775 997 confirmatione
795 962 1040 1007 apostolica,x'cl
1066 962 1125 995 alia

380 1016 490 1060 quavis
515 1016 663 1051 firmitate
679 1016 849 1057 roboratis,
869 1015 991 1050 statutis
1008 1020 1038 1049 et
1056 1026 1126 1049 con-

382 1070 614 1111 suetudinibus,
639 1069 813 1114 privilegiis
831 1076 972 1114 quoquc,
997 1069 1125 1103 indultis

382 1130 411 1158 et
436 1125 548 1158 litteris
571 1124 764 1169 apostolicis,
789 1125 849 1168 ipsi
870 1123 978 1157 Ordini
996 1129 1025 1157 et
1050 1133 1125 1157 con-

381 1178 571 1222 gregationi,
591 1179 783 1223 illorumque
800 1178 962 1222 quibusvis
981 1178 1125 1222 superio-

379 1233 480 1273 ribus,
505 1233 655 1266 fratribus
680 1239 709 1265 et
733 1232 894 1277 personis,
919 1233 977 1266 sub
997 1232 1127 1276 quibus-

381 1296 517 1330 cumque
542 1286 714 1319 verborum
738 1286 902 1320 tenoribus
933 1291 964 1318 et
995 1286 1126 1326 formis,

381 1351 417 1373 ac
442 1350 513 1373 cum
538 1340 702 1384 quibusvis
727 1340 1002 1383 derogatoriarum
1033 1340 1126 1373 dero-

381 1394 533 1436 gatoriis,
559 1393 692 1437 aliisque
716 1393 947 1426 efficacioribus
968 1398 998 1426 et
1022 1393 1125 1426 effica-

381 1447 515 1481 cissimis
532 1458 567 1480 ac
586 1446 718 1481 insolitis
743 1447 902 1487 clausulis,
919 1447 1127 1480 irritantibus-

381 1511 442 1547 que
475 1506 504 1536 et
538 1501 606 1534 aliis
639 1500 791 1542 decretis,
817 1501 848 1533 in
872 1511 989 1544 genere
1022 1501 1070 1534 vel
1093 1502 1126 1535 in

379 1556 505 1600 specie,
531 1566 566 1588 ac
591 1556 666 1588 alias
692 1555 724 1588 in
749 1555 944 1588 contrarium
974 1555 1126 1599 praemis-

381 1620 488 1643 sorum
507 1608 746 1654 quomodolibet
774 1608 941 1649 concessis,
963 1609 1127 1642 confirma-

380 1662 419 1696 tis
431 1669 461 1696 et
474 1663 640 1703 innovatis;
654 1663 769 1707 quibus
779 1662 926 1696 omnibus
940 1667 970 1695 et
983 1662 1125 1706 singulis,

381 1717 509 1750 illorum
531 1722 657 1750 tenores
674 1716 894 1761 praesentibus
911 1727 970 1760 pro
987 1717 1079 1760 plene
1096 1721 1126 1749 et

382 1770 574 1804 sufficienter
599 1770 759 1814 expressis
784 1770 946 1812 babentes,
971 1769 1032 1802 illis
1050 1769 1125 1803 alias

381 1824 413 1857 in
437 1834 494 1858 suo
518 1824 635 1857 robore
663 1823 889 1868 permansuris,
914 1823 952 1856 ad
977 1823 1124 1856 effectum

380 1877 642 1923 praemissorum,
667 1877 846 1921 specialiter
862 1882 890 1909 et
911 1887 1058 1921 expresse
1076 1876 1126 1910 de-

381 1942 554 1975 rogamus3
586 1932 762 1976 ceterisque
791 1932 957 1965 contrariis
986 1931 1123 1976 quibus-

380 1996 526 2030 cumque.

425 2039 537 2073 Datum
563 2039 700 2081 Romae,
733 2040 818 2085 apud
843 2039 872 2073 S.
890 2040 1040 2081 Petrum,
1066 2040 1124 2074 sub

381 2095 497 2129 annulo
516 2095 696 2136 piscatoris,
718 2094 768 2128 dic
793 2105 827 2128 111
850 2095 958 2139 aprilis
983 2105 1123 2137 uncxm,

379 2150 581 2196 pontificatus
594 2149 694 2182 nostri
710 2159 792 2182 anno
810 2158 874 2183 xlx.

419 2212 475 2239 Dat.
494 2210 537 2239 die
552 2211 567 2239 3
583 2211 677 2248 aprilis
694 2211 772 2245 1622,
790 2211 884 2247 pontif.
903 2220 973 2239 anno
988 2217 1043 2240 xlx.

668 2346 842 2381 DCCXLIII.

382 2419 593 2463 Confirmatio
619 2418 733 2453 Brevis
759 2418 910 2462 Greqorz‘i
934 2418 1026 2453 XIII
1052 2429 1123 2452 cum

425 2473 504 2508 aliis
529 2473 690 2507 clausulis
713 2472 757 2506 ad
781 2474 919 2516 favorem
941 2474 1125 2518 provincia-

425 2539 499 2561 rum
523 2526 801 2561 Discalceatorum
824 2528 929 2561 sancti
953 2528 1124 2561 Frcmciscz'

424 2583 461 2615 in
484 2583 594 2626 rcqnis
617 2582 870 2627 Hispaniarum.

958 161 1139 188 BULLARIUM
1160 161 1316 189 ROMANUM

1364 211 1500 240 Urbanus
1516 213 1595 248 Papa
1615 212 1693 245 vm.

1279 258 1315 283 ad
1337 259 1514 291 perpetuam
1534 256 1580 284 rei
1595 257 1777 286 memoriam.

1200 319 1282 351 Alias
1317 318 1416 353 felicis
1457 319 1687 354 recordationis
1726 319 1899 363 Gregorius

1156 373 1239 416 Papa
1263 373 1329 407 XIII
1354 372 1578 416 praedecessor
1605 378 1712 407 noster
1736 384 1796 418 pro
1815 373 1899 407 bono

1156 426 1310 469 regimine
1336 432 1365 459 et
1390 425 1471 459 felici
1496 426 1668 460 directione
1693 427 1826 460 fratrum
1847 427 1901 461 Or-

1157 479 1238 513 dinis
1251 480 1407 514 Minorum
1420 480 1686 513 sanctiFrancisci
1697 480 1901 515 Discalceato-

1157 545 1228 567 rum
1243 539 1495 578 nuncupatorum
1514 535 1544 567 in
1559 535 1665 578 regnis
1678 535 1900 579 Hispaniarum

1159 599 1215 632 per
1240 588 1391 632 quasdam
1408 598 1479 621 suas
1503 588 1535 621 in
1560 588 1653 621 simili
1675 589 1777 622 forma
1794 588 1900 622 Brevis

1157 641 1269 675 litteris
1293 642 1374 676 inter
1399 642 1459 675 alia
1484 641 1649 682 ordinavit,
1671 647 1705 675 ut
1723 642 1837 675 fratres
1853 642 1901 675 Di-

1158 695 1303 728 scalceati
1328 695 1482 739 praedicti
1511 695 1720 728 iurisdictioni
1745 699 1775 728 et
1799 705 1902 729 corre·

1159 748 1255 782 ctioni
1272 747 1406 781 ministri
1428 749 1585 791 generalis
1598 749 1731 781 fratrum
1744 748 1900 783 minorum

1159 801 1299 835 eiusdem
1325 802 1449 837 Ordinis
1473 803 1510 836 de
1535 802 1741 836 Observantia
1773 813 1899 837 nuncu-

1160 861 1306 900 patorum
1333 856 1493 890 dumtaxat
1517 856 1648 899 subsint,
1674 856 1763 901 isque
1789 857 1821 890 in
1845 857 1901 892 sua

1159 909 1300 943 absentia
1325 910 1510 943 eorumdem
1529 910 1664 943 fratrum
1689 910 1898 945 Discalceato-

1160 973 1232 995 rum
1257 963 1446 1006 gubernium
1471 963 1565 997 alicui
1589 974 1627 997 cx
1652 964 1763 997 iisdem
1796 965 1903 999 fratri-

1160 1017 1219 1049 bus
1247 1017 1448 1050 Discalceatis
1480 1018 1680 1051 committere
1710 1017 1843 1059 debeat,
1874 1023 1904 1052 et

1160 1070 1236 1104 alias
1256 1076 1352 1115 prout
1376 1071 1408 1104 in
1433 1071 1523 1105 dictis
1548 1071 1670 1115 litteris,
1696 1083 1831 1116 quarum
1856 1077 1901 1105 te-

1160 1135 1254 1159 nores
1277 1125 1497 1170 praesentibus
1523 1136 1583 1170 pro
1611 1126 1767 1170 expressis
1792 1126 1902 1159 haberi

1162 1179 1318 1220 volumus,
1342 1178 1465 1223 plenius
1491 1180 1679 1214 continetur.

1205 1231 1220 1275 ἓ
1245 1232 1273 1265 ’1.
1299 1233 1374 1266 Cum
1400 1237 1516 1274 autem,
1539 1233 1620 1266 sicut
1639 1234 1830 1278 accepimus,
1848 1234 1900 1267 di-

1162 1286 1259 1318 lcctus
1284 1285 1368 1319 silius
1393 1286 1524 1319 Ioannes
1541 1286 1707 1328 Mei-inem,
1732 1287 1902 1322 modernus

1161 1340 1286 1374 Ordinis
1310 1339 1462 1384 praedicti
1488 1340 1631 1374 minister
1651 1341 1817 1385 generalis,
1843 1352 1899 1375 oc-

1161 1394 1287 1427 casione
1310 1395 1357 1427 sui
1383 1404 1399 1427 c
1423 1395 1530 1437 regnis
1549 1395 1719 1438 praedictis
1735 1395 1766 1428 in
1782 1396 1902 1430 Italiam

1161 1449 1326 1490 discessus,
1352 1448 1543 1492 gubernium
1566 1449 1700 1483 fratrum
1730 1449 1904 1484 Discalcea-

1161 1508 1267 1536 torum
1291 1502 1365 1536 dicti
1390 1502 1515 1537 Ordinis
1540 1502 1571 1535 in
1596 1503 1706 1536 iisdem
1722 1502 1828 1547 regnis
1841 1505 1903 1538 cui-

1161 1556 1232 1589 dam
1258 1557 1346 1589 sratri
1372 1567 1409 1589 ex
1433 1555 1691 1597 Observantibus‚
1717 1568 1780 1591 non
1797 1562 1902 1591 autem

1161 1621 1197 1643 ex
1218 1610 1417 1643 Discalceatis
1441 1610 1515 1643 dicti
1540 1609 1675 1651 Ordinis,
1689 1611 1901 1656 commiserit,

1161 1664 1233 1697 lieet
1257 1663 1341 1708 apud
1366 1674 1437 1697 eum
1462 1674 1520 1708 pro
1538 1669 1626 1707 parte
1646 1664 1832 1699 eorumdem
1851 1665 1903 1699 Di-

1161 1718 1388 1751 scalceatorum
1414 1717 1576 1750 institum¹
1601 1718 1730 1759 suisset,
1754 1722 1789 1753 ut
1810 1719 1902 1753 alicui

1160 1783 1195 1806 ex
1222 1771 1297 1815 ipsis
1321 1772 1520 1805 Discalceatis
1545 1782 1655 1805 eorum
1681 1772 1825 1815 regimen
1852 1773 1904 1807 de·

1160 1826 1338 1865 mandaret,
1363 1826 1436 1859 binc
1461 1831 1507 1858 est
1531 1826 1616 1869 quod
1643 1836 1711 1867 nos,
1736 1827 1902 1870 perturba-

1160 1878 1318 1919 tionibus,
1344 1890 1423 1923 quae
1448 1878 1520 1911 inde
1544 1879 1630 1912 nasci
1662 1884 1811 1923 possent,
1844 1891 1902 1924 pro

1159 1933 1308 1977 pastorali
1328 1935 1435 1967 nostra
1460 1933 1671 1968 sollicitudine
1688 1933 1812 1967 obviam
1838 1934 1902 1975 ire,

1159 1988 1382 2033 dictorumque
1406 1988 1540 2020 fratrum
1564 1987 1828 2021 Discalceatorum
1858 1988 1902 2021 in-

1159 2041 1323 2075 demnitati
1349 2046 1378 2074 et
1404 2052 1561 2086 prospero
1586 2041 1735 2085 regimini
1760 2041 1791 2075 in
1814 2052 1903 2086 prae-

1160 2097 1264 2130 missis
1288 2097 1453 2130 consulcre
1475 2097 1625 2138 volentes,
1649 2101 1737 2130 motu
1760 2097 1902 2141 proprio,

1159 2161 1194 2183 ac
1219 2159 1255 2183 ex
1281 2151 1367 2182 certa
1391 2149 1521 2183 scientia
1547 2155 1575 2182 et
1601 2151 1724 2182 matura
1749 2149 1902 2184 delibera-

1159 2204 1243 2237 tione
1268 2204 1393 2245 nostris,
1414 2203 1516 2247 deque
1533 2203 1723 2250 apostolicae
1739 2204 1901 2248 potestatis

1158 2258 1363 2302 plenitudine,
1376 2257 1551 2302 praedictas
1565 2258 1640 2291 dicti
1654 2257 1801 2301 Gregorii
1814 2269 1902 2303 prae-

1159 2312 1334 2345 decessoris
1354 2312 1473 2345 litteras
1487 2315 1596 2346 tenore
1619 2312 1832 2355 praesentium
1850 2323 1902 2357 ap-

1159 2364 1329 2409 probamus
1362 2370 1391 2398 et
1427 2365 1673 2405 confirmamus,
1709 2374 1831 2398 necnon
1867 2370 1901 2398 ut

1159 2429 1268 2451 omnes
1304 2424 1334 2451 ct
1369 2419 1511 2462 singulae
1545 2418 1729 2451 eorumdem
1765 2418 1899 2452 fratrum

1159 2472 1423 2506 Discalceatorum
1464 2472 1495 2504 in
1532 2471 1638 2515 regnis
1677 2472 1899 2516 Hispaniarum

1192 2590 1205 2618 1
1221 2588 1288 2618 Male
1303 2588 1367 2619 edit.
1385 2588 1465 2619 Μαίη.
1479 2588 1545 2625 legit
1561 2589 1729 2618 institutum
1744 2588 1781 2625 (fl.
1799 2589 1847 2626 τ.).

1913 164 1962 192 An.
1977 164 2004 192 C.
2027 163 2090 196 ¹642

1939 334 2026 357 Motiva.

1942 1245 2003 1269 Quod
2027 1247 2048 1266 tn
2061 1244 2098 1266 ab·

1916 1273 1984 1293 sentia
2012 1274 2098 1297 ministri

1917 1299 2022 1324 generalis
2054 1301 2097 1323 Dis.

1917 1327 2006 1348 calceati
2029 1333 2042 1348 a
2065 1335 2097 1351 so·

1917 1353 1942 1374 lis
1962 1354 2098 1377 Discalceatis

1917 1381 2057 1403 moderentur.
