2107 3142
122 164 174 192 An.
193 164 220 191 C.
238 164 302 192 1641

152 443 231 464 Motira
246 443 308 463 liuius

123 470 289 491 Constitutmni<.

142 1720 229 1742 Mandat
244 1722 307 1747 prout

121 1748 142 1769 in
159 1748 253 1770 rubrica.

351 155 416 190 132

365 215 445 256 sine
473 214 623 247 habentes
640 224 723 254 verO,
747 213 882 247 nonnisi
907 213 944 246 de
969 214 1065 247 data-

368 268 415 302 rii
434 268 578 308 licenzid,
596 268 654 300 sub
676 267 789 311 poenis
815 267 867 300 hic
891 269 1061 312 eaepressz's.

523 331 659 357 Urbanus
694 331 774 364 Papa
802 330 879 365 vm,

452 375 488 402 ad
504 379 680 408 perpetuam
696 375 741 402 rei
756 375 937 402 memoriam.

366 429 464 468 Cum,
498 428 576 460 sieut
610 428 700 461 nobis
733 428 889 469 innotuit,
921 429 1064 462 nonnulli

322 482 436 515 notarii
448 481 577 525 publici,
595 481 688 514 etiam
707 481 738 513 in
752 482 892 515 archivio
907 483 1065 515 Romanae

322 534 427 567 curiae
452 534 612 578 descripti,
630 535 779 568 vacabilia
798 540 901 568 tamen
926 536 1064 569 notaria-

322 592 408 621 tuum
428 588 531 621 officia
547 599 610 621 non
624 589 784 629 habentes,
799 590 974 622 litterarum
991 600 1065 633 apo-

322 641 515 681 stolicarum,
541 647 603 674 tam
632 642 690 675 sub
723 642 876 686 plumbo,
908 653 1001 686 quam
1035 643 1065 674 in

321 695 422 727 forma
454 695 579 736 Brevis,
604 706 726 728 necnon
755 696 1022 740 supplicationum
1049 707 1065 729 a

320 748 413 781 nobis
445 749 491 781 vel
517 749 555 781 ab
580 749 705 782 officiali
732 749 770 781 ad
795 749 825 781 id
850 749 998 793 deputato
1025 750 1065 782 si-

321 807 487 843 gnatarum
506 807 713 845 transumpta,
725 802 755 834 in
768 802 924 843 vidz'mm,
938 803 984 835 vel
1003 803 1064 835 alia

321 856 444 896 forma,
471 856 563 890 etiam
589 856 778 900 quandoque
804 867 839 889 ex
866 857 1065 900 simplicibus

322 909 505 942 earumdem
537 910 714 942 litterarum
743 913 773 943 et
798 910 1064 953 supplicationum

322 963 432 1006 copiiS,
448 963 625 1007 litterisque
650 974 685 996 ac
710 964 991 1006 supplicationibus
1011 964 1066 997 liu-

321 1016 456 1049 iusmodi
468 1017 607 1049 nondum
627 1017 812 1059 registratis,
830 1018 1006 1058 extrahant,
1024 1018 1065 1050 sa-

321 1070 403 1104 ciant
427 1075 457 1104 et
481 1070 651 1114 publicent,
680 1071 711 1103 in
737 1071 915 1104 maximum
935 1072 1063 1105 illorum

321 1124 375 1167 qui
400 1124 502 1157 officia
521 1125 733 1157 notariatuum
749 1125 899 1157 vacabilia
918 1124 956 1157 et¹
974 1125 1064 1158 titulo

321 1187 456 1211 oneroso
480 1177 663 1221 possident,
688 1178 886 1221 aliorumque
911 1178 1064 1211 cancella-

320 1231 387 1263 riae
412 1236 441 1263 et
464 1231 651 1265 secretariae
676 1232 920 1275 apostolicarum
946 1232 1065 1264 officia-

321 1285 397 1317 lium
422 1285 651 1329 praeiudicium
677 1290 707 1317 et
731 1285 973 1318 detrimentum:
992 1285 1064 1318 hinc

321 1343 367 1372 est
387 1338 470 1382 quod
496 1349 564 1378 nos,
585 1338 701 1371 abusus
726 1339 906 1372 huiusmodi
925 1350 940 1372 e
960 1339 1064 1371 medio

321 1393 442 1433 tollere,
461 1398 500 1432 et,
517 1403 556 1425 ne
570 1392 641 1425 inde
666 1392 790 1425 occasio
816 1393 957 1425 salsitatis
977 1404 1065 1436 prac-

320 1445 441 1487 beatur,
459 1457 517 1490 pro
542 1446 692 1490 pastorali
718 1450 825 1479 nostra
855 1446 1065 1479 sollicitudine

320 1499 488 1543 providere
514 1500 663 1540 volentes,
689 1504 775 1532 motu
800 1499 949 1543 proprio,
976 1505 1005 1532 ct
1030 1510 1064 1532 ex

322 1555 406 1587 certa
447 1553 577 1586 scientia
613 1564 648 1586 ac
681 1555 804 1586 matura
838 1553 1065 1587 deliberatione

320 1608 446 1650 nostris,
473 1608 574 1651 deque
599 1608 790 1651 apostolicae
814 1607 978 1651 potestatis
998 1608 1064 1650 ple-

321 1661 481 1703 nitudine,

374 1716 389 1759 g
420 1716 449 1748 ⁶2.
482 1715 570 1754 Quod
596 1715 744 1759 deinceps
768 1715 928 1759 perpetuis
952 1715 1065 1748 suturis

323 1769 521 1812 temporibus
545 1769 738 1812 quicumque
763 1768 890 1808 notarii,
916 1768 1008 1800 etiam
1035 1767 1065 1799 in

322 1821 463 1854 archivio
488 1822 646 1854 Romanae
671 1821 777 1854 curiae
802 1821 961 1864 descripti,
976 1831 1065 1853 vaca-

322 1875 397 1909 bilia
422 1875 635 1908 notariatuum
670 1875 772 1907 officia
803 1885 866 1907 non
897 1874 1064 1915 babentes,

322 1930 409 1961 nulla
433 1929 562 1962 omuino
587 1938 862 1972 quarumcumque
887 1928 1064 1960 litterarum

323 1983 591 2027 apostolicarum,
618 1987 679 2014 tam
706 1982 764 2015 sub
798 1981 946 2025 plumbo,
971 1992 1063 2025 quam

323 2037 355 2069 in
380 2037 482 2070 forma
500 2037 624 2078 Brevis,
650 2046 774 2069 necnon
799 2035 1064 2079 supplicationum

322 2101 340 2122 a
364 2090 455 2124 nobis
480 2094 509 2124 ct
532 2090 682 2123 Romanis
706 2089 911 2123 Pontificibus
936 2099 1063 2121 succes-

323 2144 448 2177 soribus
484 2144 601 2177 nostris
635 2144 682 2175 vel
714 2143 752 2175 ab
782 2142 906 2175 officiali
932 2142 969 2174 ad
996 2142 1025 2173 id
1050 2153 1066 2173 a

322 2198 415 2231 nobis
439 2203 470 2230 et
494 2197 554 2230 illis
575 2196 747 2240 respective
768 2207 826 2239 pro
853 2201 993 2239 tempore
1018 2194 1068 2227 de-

323 2257 434 2295 putato
459 2251 652 2294 signatarum
683 2254 895 2293 transumpta;
921 2249 1066 2281 obtinen-

324 2310 370 2337 tes
413 2315 490 2337 vero
532 2303 683 2336 vacabilia
722 2303 934 2336 notariatuuui
973 2302 1065 2335 eliam

325 2359 430 2391 curiae
445 2368 612 2391 causarum
631 2367 773 2390 camerac
791 2356 981 2400 apostolicae
1006 2366 1066 2388 non

325 2417 429 2444 autem
448 2411 591 2455 Capitolii
618 2411 736 2451 officia,
763 2412 960 2452 transumpta
986 2409 1066 2440 litte-

325 2476 432 2497 rarum
450 2470 480 2498 et
508 2464 773 2508 supplicationum
794 2462 976 2495 huiusmodi
994 2472 1069 2495 non-

324 2518 382 2550 nisi
408 2524 573 2561 postquam
601 2517 671 2550 illae
689 2528 746 2561 pcr
770 2516 919 2549 officiales
945 2515 982 2548 ad
1008 2516 1067 2548 lioc

363 2581 373 2609 1
396 2579 497 2608 Forsan
517 2579 661 2616 legendum
682 2588 717 2607 ex
732 2588 781 2616 pro
802 2581 828 2608 et
847 2581 884 2614 (a.
901 2578 949 2614 au).

904 165 1083 190 BULLARIUM
1107 165 1262 191 ROMANUM

1100 214 1285 247 constitutos
1309 215 1494 258 registi-atae
1518 215 1646 257 suerint,
1668 215 1726 249 sub
1752 216 1840 260 quin-

1100 273 1268 312 gentorum
1300 272 1462 302 scutorum
1496 274 1661 311 monetae,
1686 279 1721 302 ac
1749 269 1839 312 salsi,

1099 321 1346 366 privationisque
1362 321 1595 365 praedictorum
1609 323 1786 356 officiorum
1804 333 1841 357 eo

1100 376 1168 418 ipso
1200 374 1399 408 incurrendis
1423 375 1544 419 poenis,
1569 376 1672 409 facere
1696 375 1839 420 possint,

1099 429 1157 460 nisi
1183 428 1221 461 de
1246 429 1346 462 nostri
1375 432 1405 462 et
1429 439 1488 472 pro
1512 434 1655 473 tempore
1680 430 1841 464 existentis

1100 483 1232 515 Romani
1257 482 1418 516 Pontificis
1438 482 1550 516 datarii
1572 483 1698 517 licentia
1719 483 1749 516 in
1767 483 1842 517 scri-

1101 536 1161 579 ptis
1177 536 1356 577 obtinenda,
1375 541 1483 569 tenore
1502 537 1715 580 praesentium
1733 537 1839 570 statui-

1101 599 1180 629 mus,
1198 589 1384 622 mandamus
1401 593 1430 623 et
1447 589 1640 622 ordinamus.

1145 643 1160 685 g
1184 642 1213 675 3.
1239 643 1469 685 Decernentes‚
1496 648 1677 687 praesentes
1702 643 1841 685 litteras,

1101 696 1194 728 etiam
1219 707 1254 729 ex
1285 708 1322 730 eo
1347 697 1433 741 quod
1457 697 1570 731 notarii
1605 697 1767 742 praedicti,
1793 697 1840 730 vel

1100 749 1152 782 alii
1170 750 1360 794 quicumque
1378 751 1408 783 in
1421 750 1602 794 praemissis
1620 751 1773 784 interesse
1789 751 1842 784 ha-

1099 803 1218 844 bentes,
1235 814 1290 837 seu
1306 804 1423 837 habere
1443 804 1680 848 quomodolibet
1696 809 1842 848 praeten-

1100 857 1218 898 dentes,
1244 857 1304 890 illis
1325 868 1388 890 non
1413 858 1639 900 consenserint,
1664 869 1719 891 seu
1744 858 1783 891 ad
1806 868 1842 891 ea

1101 910 1200 944 vocati
1219 915 1248 943 et
1264 911 1360 943 auditi
1386 920 1448 944 non
1472 911 1598 953 fuerint,
1616 911 1654 944 de
1668 911 1842 956 subreptio-

1100 963 1159 1004 nis,
1187 963 1351 1004 nullitatis,
1376 968 1429 996 aut
1454 963 1654 997 invaliditatis
1674 964 1759 1005 vitio,
1785 975 1841 997 seu

1100 1017 1282 1050 intentionis
1307 1023 1443 1059 nostrae,
1468 1021 1520 1051 aut
1544 1028 1746 1061 quocumque
1769 1017 1841 1058 alio,

1100 1070 1301 1113 quantumvis
1316 1081 1429 1113 magno
1448 1076 1478 1103 ct
1494 1070 1691 1103 substantiali
1707 1070 1841 1112 defectu,

1100 1129 1150 1156 aut
1165 1124 1240 1157 alias
1258 1134 1294 1156 ex
1312 1134 1514 1168 quocumque
1530 1124 1592 1157 alio
1609 1123 1720 1168 capite,
1737 1125 1840 1165 causa,

1100 1177 1275 1218 occasione,
1299 1182 1463 1221 praetextu
1489 1183 1519 1210 et
1543 1178 1667 1218 colore,
1693 1177 1785 1210 etiam
1810 1177 1841 1210 in

1100 1241 1234 1275 corpore
1258 1231 1336 1264 iuris
1360 1232 1485 1272 clauso,
1511 1232 1603 1264 etiam
1629 1231 1700 1272 tali,
1725 1231 1778 1275 qui
1802 1230 1841 1264 ad

1099 1285 1243 1317 effectum
1270 1285 1436 1318 validitatis
1460 1285 1672 1329 praesentium
1697 1295 1841 1318 necessa-

1099 1339 1146 1371 rio
1172 1339 1304 1383 exprimi
1331 1339 1479 1379 deberet,
1505 1339 1624 1380 notari,
1650 1338 1840 1383 impugnari,

1100 1392 1273 1433 invalidari,
1292 1392 1322 1424 in
1351 1392 1398 1424 ius
1417 1392 1462 1425 vel
1484 1392 1731 1425 controversiam
1755 1401 1842 1425 revo-

1099 1445 1185 1486 cari,
1210 1451 1262 1478 aut
1294 1445 1444 1478 adversus
1476 1446 1543 1478 illas
1576 1445 1785 1478 restitutionis
1810 1445 1840 1478 in

1099 1499 1266 1542 integrum,
1288 1499 1470 1543 aperitionis
1495 1499 1570 1540 oris,
1590 1498 1783 1532 reductionis
1803 1499 1840 1532 ad

1099 1554 1179 1586 viam
1205 1557 1234 1587 et
1259 1553 1411 1587 terminos
1437 1553 1524 1594 iuris,
1550 1558 1602 1585 aut
1626 1553 1710 1586 aliud
1735 1553 1838 1597 quod-

1099 1617 1236 1650 cumque.
1255 1607 1342 1647 iuris,
1367 1607 1449 1647 sacti,
1467 1607 1514 1639 vel
1529 1606 1647 1650 gratiae
1664 1606 1841 1640 remedium

1099 1660 1275 1704 impetrari,
1294 1660 1341 1693 vel
1359 1660 1452 1693 etiam
1472 1665 1561 1693 motu
1581 1660 1675 1693 simili
1700 1659 1842 1701 concedi,

1099 1719 1151 1746 aut
1172 1713 1217 1746 sic
1233 1714 1402 1757 impetrato
1424 1714 1471 1746 vel
1489 1724 1640 1747 concesso
1660 1714 1841 1758 quempiam

1100 1767 1130 1799 in
1154 1767 1271 1800 iudicio
1297 1768 1343 1799 vel
1365 1772 1453 1800 extra
1481 1767 1557 1800 illud
1579 1778 1612 1800 se
1633 1767 1741 1801 iuvare
1765 1778 1842 1801 nun-

1099 1831 1192 1864 quam
1218 1831 1333 1864 posse,
1360 1820 1413 1853 sed
1445 1831 1574 1865 semper
1599 1821 1724 1854 easdem
1749 1831 1842 1865 prae-

1099 1880 1202 1908 sentes
1226 1874 1346 1907 litteras
1371 1874 1500 1915 validas,
1518 1875 1626 1908 sirmas
1647 1880 1677 1908 et
1700 1875 1842 1908 efficaces

1099 1928 1233 1961 existere
1258 1932 1288 1961 et
1312 1928 1390 1969 sore,
1411 1939 1548 1972 suosque
1574 1929 1733 1972 plenarios
1751 1933 1781 1961 et
1800 1928 1843 1960 in-

1100 1986 1205 2023 tegros
1231 1981 1361 2014 effectus
1386 1981 1492 2014 sortiri
1518 1986 1548 2014 et
1573 1981 1727 2021 obtinere,
1748 1991 1784 2014 ac
1801 1981 1841 2013 ab

1099 2034 1245 2067 omnibus
1259 2040 1289 2067 ct
1306 2034 1447 2077 singulis,
1462 2045 1541 2078 quos
1555 2035 1625 2068 illae
1638 2038 1842 2075 concernunt,

1101 2087 1322 2120 inviolabiliter
1346 2088 1518 2128 observari,
1544 2088 1651 2132 sicque
1674 2098 1731 2131 per
1751 2098 1844 2132 quos-

1100 2151 1235 2184 cumque
1260 2141 1379 2173 iudices
1404 2141 1581 2174 ordinarios
1605 2146 1635 2174 et
1659 2141 1820 2184 delegatos
1835 2168 1842 2182 ,

1100 2194 1193 2226 ctiam
1220 2205 1385 2227 causarum
1411 2195 1517 2238 palatii
1543 2194 1706 2238 apostolici
1724 2194 1843 2228 audito—

1101 2258 1160 2288 res,
1182 2252 1210 2281 et
1231 2248 1259 2280 S.
1274 2249 1308 2280 R.
1327 2248 1359 2280 E.
1379 2248 1562 2290 cardinales,
1579 2248 1671 2282 etiam
1686 2247 1724 2280 de
1744 2248 1842 2280 latere

1101 2302 1228 2343 legatos,
1243 2301 1363 2333 sublata
1379 2301 1423 2333 eis
1444 2306 1473 2334 ct
1490 2312 1600 2334 eorum
1620 2301 1749 2334 cuilibet
1765 2311 1841 2346 qua-

1102 2355 1145 2387 vis
1170 2355 1259 2387 aliter
1285 2354 1442 2387 iudicandi
1468 2360 1497 2387 et
1522 2354 1770 2398 interpretandi,
1795 2354 1840 2387 sa—

1101 2409 1214 2441 cultate
1239 2413 1265 2440 ct
1292 2408 1488 2449 auctoritate,
1506 2408 1636 2441 iudicari
1663 2413 1692 2440 et
1716 2407 1841 2441 definiri

1100 2462 1226 2502 debere,
1241 2472 1276 2494 ac
1290 2461 1413 2495 irritum
1431 2466 1460 2494 et.
1480 2461 1582 2503 inane,
1599 2462 1623 2494 si
1641 2471 1730 2494 secus
1747 2471 1842 2505 super

1100 2514 1148 2547 his
1162 2526 1178 2547 a
1193 2525 1364 2558 quoquam,
1379 2515 1487 2559 quavis
1501 2515 1696 2557 auctoritate,
1706 2514 1842 2548 scienter

1100 2569 1148 2602 vel
1168 2569 1360 2613 ignoranter,
1379 2569 1546 2612 contigerit
1565 2568 1720 2602 attentari.

1852 167 1902 195 An.
1919 167 1948 195 C.
1967 168 2032 198 1641
2061 178 2077 201 ι’,

1882 653 1994 675 Decretum
2010 655 2038 675 ir-

1856 680 1927 702 mans.
