2107 3142
149 92 199 120 An.
216 92 244 120 C.
266 93 335 121 1653

182 1541 272 1562 Diversa
283 1540 346 1561 dnbio.

162 1568 273 1593 proposita
310 1572 348 1592 pri»

161 1597 253 1620 utraque
288 1596 347 1619 pai-tc

162 1621 297 1642 resolvuntur
336 1627 347 1640 :1

162 1648 225 1668 saci-{1
233 1653 347 1673 congrega·

163 1674 227 1695 tione.

197 2177 265 2198 Dubia
278 2182 351 2203 propn-

170 2204 210 2232 sita
224 2210 248 2223 ex
263 2206 322 2230 parti:
334 2210 353 2223 cv

170 2235 259 2255 [theosin

381 84 445 117 714

349 142 424 175 tiam
442 152 475 175 se
493 141 664 175 obtinuisse
682 150 745 174 non
762 139 937 182 docuerint,
955 139 1095 183 potuisse

350 196 546 239 episcopum,
560 204 616 226 seu
640 193 707 226 eius
732 193 914 235 generalem
932 192 1095 232 vicarium,

350 248 546 292 praecipere,
561 246 618 278 sub
638 247 742 289 poena
758 244 1096 278 excommunicationis

351 302 431 334 latae
456 300 644 340 sententiae,
669 304 704 331 ut
727 309 745 331 a
769 298 1018 331 confessionibus
1042 308 1097 330 au-

351 354 472 387 diendis
498 358 527 385 et
550 352 639 385 verbi
663 352 716 385 Dei
747 349 981 396 praedieatione
1006 351 1098 384 absti-

352 410 471 448 nerent,
496 416 553 438 nec
574 405 614 438 ob
635 415 703 438 eam
722 415 847 437 eausam
864 404 992 437 licuisse
1007 404 1098 438 dictis

352 459 532 502 religiosis,
557 459 646 502 quasi
671 469 689 491 a
715 458 888 491 manifestis
922 457 1045 490 iniuriis
1069 463 1099 489 et

353 513 519 554 violentiis,
533 513 651 555 eligere
677 516 935 551 conservatores,
961 520 1098 554 eosque,

352 572 387 599 ut
410 566 589 610 praefertur
614 566 739 606 electos,
766 565 796 596 in
817 564 1002 608 episcopum
1020 563 1099 596 eius-

354 631 415 664 que
441 620 593 652 vicarium
618 619 798 662 generalem
824 617 961 650 indebite
978 627 1014 650 ac
1030 617 1100 649 nul-

354 674 425 706 liter
450 672 810 706 excommunicationem
833 671 1025 704 fulminasse.
1050 670 1100 704 Ce-

355 733 456 759 terum
472 736 561 759 sacra
579 725 785 769 congregatio
803 725 886 758 serio
910 725 942 756 in
966 723 1100 757 Domino

355 781 500 814 hortatur
524 790 559 812 ac
585 784 692 812 monet
723 778 908 822 episcopum
923 805 930 818 ,
956 781 990 811 ut
1014 776 1100 810 cliri-

356 833 474 865 stianae
499 831 749 865 mansuetudinis
780 841 902 864 memor
935 840 1012 873 erga
1044 830 1101 863 So-

356 886 499 919 cietatem
525 886 604 926 lesu,
622 895 702 929 quae
721 884 870 917 laudabili
892 894 948 916 suo
960 883 1101 916 instituto

357 940 387 972 in
412 939 552 971 Ecclesia
576 939 630 971 Dei
655 943 718 970 tam
744 938 905 971 fructuose
931 931 1100 978 laboravit,

357 1004 392 1026 ac
418 993 484 1026 sine
510 993 744 1025 intermissione
768 990 955 1033 laborabat¹,
970 996 1102 1035 paterno

357 1057 390 1080 se
415 1052 504 1089 gerat
529 1046 651 1087 affectu,
677 1040 811 1089 eamque
830 1045 861 1077 in
883 1045 1038 1088 regimine
1056 1055 1104 1077 ec-

358 1101 471 1133 clesiae
495 1110 569 1132 suae
597 1099 766 1143 perutilem
791 1098 978 1132 adiutricem
1007 1108 1103 1140 agno-

359 1164 448 1186 scens
472 1153 606 1196 benigne
632 1153 753 1192 faveat,
786 1163 822 1184 ac
854 1151 1005 1195 pristinae
1031 1161 1105 1183 suae

359 1207 596 1240 benevolentiae
612 1206 764 1247 restituat,
779 1204 1047 1248 quemadmodum
1062 1214 1107 1236 sa-

361 1271 413 1293 cra
439 1261 643 1303 congregatio
670 1260 773 1303 ipsum
792 1259 948 1291 facturum
966 1257 1106 1298 contidit,

362 1314 484 1357 sibique
509 1319 595 1346 certo
620 1313 798 1356 pollicetur,
813 1322 884 1345 cum
906 1311 973 1344 eius
994 1311 1106 1350 zelum,

362 1368 510 1411 pietatem
554 1378 589 1400 ac
630 1365 820 1409 pastoralem
862 1364 1105 1398 sollicitudinem

363 1425 562 1464 compertum
587 1420 709 1451 habeat.

398 1473 494 1500 Datum
507 1473 607 1499 Romae
622 1472 665 1499 die
680 1478 723 1498 xvi
739 1471 831 1507 aprilis
848 1479 918 1497 anno
935 1476 1068 1497 nnchvui
1083 1479 1105 1497 n.

408 1528 423 1570 ξ
448 1527 476 1559 si.
503 1527 555 1567 Et,
576 1525 824 1569 praemissorum
850 1524 1025 1565 occasione,
1051 1534 1108 1566 pro

364 1584 452 1625 parte
476 1579 628 1623 praedicti
653 1579 778 1612 loannis
804 1577 962 1622 episcopi,
985 1587 1109 1609 necnon

364 1635 587 1678 religiosorum
598 1633 761 1666 Societatis
775 1633 854 1674 Iesu,
869 1632 900 1664 in
914 1631 1024 1664 eadem
1040 1642 1110 1664 con-

364 1688 549 1731 gregatione
563 1686 725 1731 proposita
738 1686 864 1718 fuerunt
879 1685 1003 1717 diversa
1015 1684 1110 1717 dubia

365 1742 403 1774 de
428 1741 574 1773 mandato
600 1739 795 1773 sanctissimi
817 1738 1012 1778 resolvenda,
1030 1747 1110 1780 quae

365 1795 492 1839 quidam
511 1805 599 1826 sacra
615 1792 830 1836 congregatio,
845 1792 972 1835 saepius
986 1790 1110 1828 auditis,

366 1854 398 1880 ut
424 1848 454 1880 in
478 1846 670 1891 praemissis,
697 1845 736 1878 ab
761 1845 873 1878 eodem
899 1844 1051 1888 episcopo
1072 1843 1109 1875 ad

368 1902 482 1935 Urbem
505 1900 618 1940 missis,
644 1909 764 1931 necnon
786 1901 995 1942 procuratore
1019 1907 1112 1939 gene-

367 1955 423 1987 rali
452 1954 548 1997 ipsius
573 1953 754 1993 SocietatiS,
780 1951 972 1994 negotioque
990 1954 1112 1984 mature

367 2018 546 2051 perpenso,
572 2007 609 2039 ad
635 2006 758 2048 singula
782 2005 877 2037 dubia
908 2004 946 2036 ab
978 2005 1113 2046 utraque

369 2064 457 2104 parte
483 2060 642 2103 proposita
669 2058 832 2102 respondit
857 2057 968 2090 ordine
986 2067 1048 2100 quo
1070 2066 1114 2088 se-

369 2115 476 2158 quitur
489 2125 494 2145 :

414 2169 434 2201 Ι.
461 2169 517 2207 An,
534 2167 562 2199 in
582 2177 654 2199 casu
671 2177 734 2211 quo
753 2166 921 2209 episcopus
941 2163 1115 2208 praecipiat

370 2222 495 2254 decreta
521 2220 625 2263 aliqua
649 2218 779 2252 Concilii
808 2217 982 2250 Tridentini
1011 2227 1027 2249 a
1059 2227 1112 2248 re-

372 2275 533 2317 gularibus
551 2273 711 2306 observari
739 2276 768 2305 et
792 2271 971 2304 executioni
992 2270 1116 2303 deman—

373 2328 449 2368 dari,
475 2328 637 2370 regulares
663 2325 872 2369 quicumque,
899 2324 992 2356 etiam
1014 2323 1117 2356 Socie-

375 2381 442 2414 tatis
467 2381 547 2421 lesu,
572 2380 630 2413 sub
648 2383 812 2424 praetextu
832 2377 917 2421 quod
935 2376 1116 2409 huiusmodi

374 2439 541 2477 praccepta
555 2433 728 2475 infringant
741 2442 795 2465 sua
805 2430 981 2475 privilegia,
996 2429 1117 2474 possint

410 2497 422 2521 1
446 2495 557 2522 Videtur
576 2495 720 2531 legendum
738 2495 850 2522 laborat
869 2493 964 2529 (mr).

924 92 1105 116 BULLARIUM
1130 92 1286 116 ROMANUM

1127 139 1246 182 eligere
1257 140 1513 172 conservatores?
1528 160 1568 164 —
1586 139 1796 183 Congregatio
1810 150 1873 173 res-

1127 191 1254 235 pondit,
1280 192 1305 224 si
1331 191 1500 236 episcopus
1525 193 1698 237 praecipiat
1723 192 1874 236 regulari-

1128 244 1197 284 bus,
1207 244 1300 276 etiam
1311 244 1475 277 Societatis
1488 245 1566 287 lesu,
1580 251 1615 278 ut
1628 246 1754 279 decreta
1768 246 1874 289 aliqua

1128 297 1258 331 Concilii
1283 297 1457 330 Tridentini
1482 298 1651 331 observent
1667 309 1703 331 ac
1719 309 1875 343 exequan-

1131 356 1192 391 tur,
1212 350 1244 383 in
1268 350 1329 383 illis
1354 350 1488 392 casibus,
1514 350 1546 382 in
1563 351 1676 394 quibus
1693 362 1750 395 per
1767 352 1872 395 ipsum

1131 404 1304 438 Concilium
1329 405 1377 437 vel
1414 404 1652 437 constitutiones
1685 406 1874 448 apostolicas

1132 458 1294 500 regulares
1331 457 1468 500 exempti
1500 457 1711 490 subiiciuntur
1748 457 1875 490 iurisdi-

1132 510 1226 544 ctioni
1253 515 1282 543 et
1306 510 1497 543 correctioni
1522 510 1673 554 episcopi,
1694 510 1822 543 minime
1838 511 1877 543 li-

1133 573 1204 596 cere
1238 563 1313 606 ipsis
1338 563 1539 606 regularibus
1575 563 1614 595 ob
1647 573 1716 595 eam
1749 573 1877 596 causam

1134 622 1373 650 conservatores
1398 617 1525 659 eligere.

1178 670 1212 702 ll.
1232 671 1289 711 An,
1304 670 1429 714 quando
1444 670 1629 703 Ordinarius
1643 669 1788 713 procedit
1800 669 1879 702 iuris

1134 724 1245 756 ordine
1270 729 1394 756 servato
1420 723 1571 756 adversus
1603 723 1766 765 regulares
1790 733 1881 766 prae-

1134 776 1234 809 dictos
1252 777 1283 808 in
1306 776 1430 809 casibus
1448 776 1479 808 in
1497 776 1614 819 quibus
1632 786 1690 819 per
1703 775 1879 809 Concilium

1134 829 1352 862 Tridentinum
1370 830 1417 862 vel
1434 829 1674 863 constitutiones
1691 829 1881 873 apostolicas

1136 882 1194 926 ipsi
1220 883 1452 923 subiiciuntur,
1484 883 1605 926 possint
1640 888 1881 916 conservatores

1136 936 1254 969 iudices
1279 936 1464 979 assignare?
1487 955 1533 960 —
1556 936 1747 980 Respondit,
1776 941 1811 969 ut
1841 936 1882 969 ad

1135 990 1327 1033 proximum,
1352 1000 1416 1022 non
1433 1000 1534 1033 posse.

1181 1043 1229 1076 lll.
1245 1045 1301 1084 An,
1316 1043 1515 1086 regularibus
1529 1043 1620 1075 etiam
1635 1042 1798 1076 Societatis
1812 1043 1883 1076 lesu

1137 1097 1351 1130 asserentibus
1376 1107 1409 1130 se
1430 1096 1548 1128 habere
1573 1095 1739 1139 privilegia
1762 1095 1884 1139 quomi-

1137 1161 1196 1183 nus
1221 1150 1370 1183 obediant
1395 1151 1545 1193 episcopo
1571 1150 1603 1182 in
1627 1149 1813 1182 executione
1830 1149 1885 1182 de-

1139 1207 1298 1236 cretorum
1324 1203 1401 1235 iuris
1419 1203 1596 1236 communis
1614 1202 1744 1235 Concilii
1757 1202 1886 1235 Triden-

1140 1258 1195 1289 tini
1209 1262 1237 1290 et
1252 1257 1512 1290 constitutionum
1529 1256 1784 1299 apostolicarum,
1799 1255 1886 1289 Ordi-

1139 1310 1219 1342 narii
1246 1309 1379 1342 debeant
1397 1310 1472 1353 ipsis
1487 1309 1637 1341 adhibere
1654 1309 1748 1342 fidem
1766 1309 1887 1352 absque

1141 1363 1333 1396 exhibitione
1355 1362 1535 1395 huiusmodi
1561 1361 1829 1405 privilegiorum?
1844 1381 1888 1385 --

1142 1416 1324 1460 Respondit,
1349 1415 1553 1449 Ordinarios¹
1579 1416 1679 1448 teneri
1705 1415 1889 1448 huiusmodi

1142 1470 1310 1502 assertioni
1331 1469 1426 1502 fidem
1445 1469 1596 1502 adhibere
1610 1470 1729 1513 absque
1743 1468 1889 1512 integrali

1142 1523 1383 1567 privilegiorum
1408 1523 1611 1556 exhibitione.

1189 1577 1235 1608 lv.
1262 1576 1309 1608 An
1335 1576 1365 1607 in
1391 1586 1474 1615 casu,
1496 1576 1526 1607 in
1545 1586 1607 1619 quo
1633 1575 1796 1618 regulares
1821 1574 1892 1618 qui-

1145 1640 1291 1672 cumque,
1317 1629 1411 1661 etiam
1433 1628 1596 1661 Societatis
1621 1628 1701 1668 lesu,
1720 1627 1892 1660 exhibeant

1145 1682 1251 1726 aliqua
1275 1682 1450 1725 privilegia,
1471 1687 1500 1713 et
1517 1681 1675 1714 Ordinarii
1700 1680 1838 1714 iudicent
1855 1691 1892 1713 ea

1145 1745 1207 1768 non
1233 1734 1402 1777 suffragari
1421 1734 1517 1774 casui,
1539 1734 1577 1767 de
1594 1744 1657 1776 quo
1677 1733 1791 1776 agitur,
1805 1737 1837 1766 et
1852 1733 1894 1766 ad

1146 1799 1213 1821 rem
1238 1799 1302 1821 non
1328 1790 1448 1830 fucere,
1470 1788 1634 1830 regulares
1657 1787 1788 1830 praefati
1812 1796 1894 1830 pos-

1146 1842 1207 1875 sint
1232 1835 1261 1875 et
1285 1841 1419 1874 debeant
1452 1851 1627 1884 provocare
1662 1840 1701 1872 ad
1725 1840 1891 1873 Summum

1147 1894 1343 1935 Pontificem,
1362 1895 1409 1927 vel
1434 1894 1466 1926 in
1490 1894 1633 1937 partibus
1657 1893 1816 1925 Indiarum
1842 1903 1894 1925 re-

1148 1947 1332 1981 motissimis
1356 1947 1394 1979 ad
1416 1947 1708 1990 metropolitanum,
1725 1946 1789 1978 sive
1806 1945 1893 1979 Ordi-

1146 2002 1270 2034 narium
1296 2001 1492 2041 viciniorem,
1507 2001 1552 2033 vel
1572 2001 1678 2044 potius
1694 2000 1816 2043 possint
1832 2000 1894 2033 hoc

1148 2065 1221 2088 casu
1240 2055 1357 2097 eligere
1374 2054 1493 2087 iudices
1508 2054 1763 2087 conservatores?
1779 2072 1823 2077 ——
1839 2054 1896 2087 Re-

1149 2108 1293 2152 spondit,
1317 2108 1342 2140 si
1365 2108 1461 2140 verba
1485 2099 1724 2151 privilegiorum
1751 2106 1812 2139 sint
1836 2106 1894 2140 ob-

1150 2172 1242 2194 scura
1267 2165 1295 2195 et
1320 2161 1490 2204 ambigua,
1518 2171 1582 2194 non
1607 2161 1704 2193 licere
1727 2170 1895 2193 recurrere

1150 2216 1187 2248 ad
1206 2216 1497 2259 metropolitanum,
1514 2216 1561 2247 vel
1579 2214 1763 2247 viciniorem
1778 2213 1897 2257 episco—

1150 2279 1235 2312 pum,
1256 2279 1313 2301 nec
1335 2273 1572 2301 conservatores
1593 2267 1719 2310 eligere,
1738 2267 1791 2300 sed
1808 2266 1897 2299 Sum-

1152 2333 1238 2354 mum
1264 2322 1449 2355 Pontificem
1474 2332 1533 2365 pro
1553 2320 1810 2364 interpretatione
1827 2330 1898 2353 esse

1151 2375 1341 2408 adeundum.

1188 2450 1198 2473 1
1218 2446 1284 2473 Male
1301 2446 1366 2473 edit.
1384 2446 1463 2472 ltlain.
1481 2445 1747 2480 togit0›·dz'narius;
1764 2452 1799 2471 an
1814 2443 1899 2471 etiam

1153 2491 1223 2519 desit
1239 2491 1369 2526 particula
1384 2499 1441 2518 non
1456 2490 1558 2518 iudicet
1572 2490 1656 2517 lector
1671 2490 1741 2516 scius
1755 2491 1795 2524 (R.
1817 2489 1866 2524 Τ.).

1885 93 1936 120 An.
1956 92 1987 121 c.
2004 76 2078 124 1⁶53
2096 66 2107 114 s
