2107 3142
174 213 222 240 An.
239 213 267 240 C.
284 213 353 240 1644

212 756 358 782 Trimuwiit's

172 783 231 803 credi
247 785 338 804 mandat,

206 1936 278 1955 Clesus
303 1935 363 1955 Polo-

179 1963 226 1982 niae
256 1962 362 1982 ‹ti-»idern

178 1995 224 2009 cum
242 1990 300 2009 larvis
314 1994 363 2009 rozi<

179 2021 263 2035 currere
281 2016 300 2035 in
316 2021 364 2035 con-

179 2043 294 2062 tribunum
313 2042 364 2068 regi.

398 204 463 238 318

371 263 565 295 eontrarium
597 261 843 305 praemissorum
872 261 1111 305 quomodolibet

371 315 549 355 concessis,
576 315 769 348 confirmatis
794 319 824 347 et
849 314 1020 354 innovatis,
1046 314 1111 358 qui-

371 368 430 401 bus
452 368 598 402 omnibus
619 373 648 403 ct
672 370 950 413 singulis,illorum
969 370 1112 403 omnium

371 427 496 455 tenores
514 423 732 467 praesentibus
757 434 815 467 pro
844 424 936 468 plene
961 429 990 456 et
1021 424 1110 457 suffi-

371 475 490 508 cienter
517 477 671 520 expressis
695 477 864 518 habentes,
890 478 950 510 illis
983 478 1058 510 alias
1082 478 1113 510 in

372 540 429 562 suo
451 530 567 563 robore
593 530 826 574 permansuris,
855 531 892 563 ad
917 531 1110 575 praemisso-

372 594 443 615 rum
464 583 610 616 effectum
637 584 814 628 specialiter
839 589 868 618 et
888 595 1036 628 expresse
1060 584 1113 616 de-

372 646 540 679 rogamus,
567 637 743 681 ceterisque
776 637 943 671 contrariis
977 638 1110 681 quibus-

373 701 519 736 cumque.

418 745 432 788 ἓ
458 744 486 777 5.
512 745 663 778 Yolumus
688 750 811 786 autem,
837 752 870 779 ut
900 746 1113 790 praesentium

374 798 589 841 transumptis,
615 799 708 831 etiam
736 800 909 843 impressis,
935 810 1028 832 manu
1054 800 1112 832 ali-

374 851 463 883 cuius
487 851 600 884 notarii
622 852 738 895 publici
757 853 954 897 subscriptis,
969 857 997 887 et
1011 853 1115 895 sigillo

373 914 526 947 personae
552 905 581 937 in
602 905 752 948 dignitate
771 907 982 945 ecelesiastica
1002 906 1115 939 eonsti-

372 962 457 991 tutae
482 959 620 1000 munitis,
647 959 754 992 eadem
780 971 912 1003 prorsus
929 960 1116 994 adhibeatur

373 1010 470 1052 fides,
495 1023 575 1055 quae
599 1013 804 1047 adhiberetur
829 1014 1065 1058 praesentibus,
1091 1015 1115 1047 si

373 1066 476 1098 forent
500 1066 655 1099 exhibitae
681 1068 729 1100 vel
756 1073 908 1101 ostensae.

415 1119 527 1152 Datum
543 1121 671 1163 Romae,
689 1121 772 1165 apud
790 1122 818 1155 S.
838 1122 975 1164 Petrum,
994 1122 1051 1155 sub
1069 1133 1118 1155 an-

373 1173 448 1206 nulo
469 1173 652 1217 Piscatoris,
671 1175 721 1208 die
739 1186 758 1208 x
777 1176 850 1208 maii
875 1186 1031 1217 nncxttv,
1045 1186 1118 1220 pon-

374 1227 509 1260 tifieatus
524 1228 622 1261 nostri
646 1239 727 1261 anno
746 1239 806 1262 xm,

410 1288 466 1315 Dat.
486 1289 528 1316 die
549 1290 578 1316 10
594 1289 658 1316 maii
678 1290 754 1322 1644,
773 1290 866 1326 pontif.
884 1299 954 1319 anno
970 1298 1023 1318 xxx.

648 1425 842 1459 DCCCXXIV.

378 1505 468 1539 Clero
488 1506 582 1549 requi
594 1505 753 1540 Poloniae
773 1505 912 1549 facultas
932 1505 1119 1539 conceditur

421 1560 635 1593 concurrendi
659 1571 731 1593 cum
763 1560 856 1593 laicis
889 1561 924 1593 in
956 1561 1119 1594 contribu-

423 1613 508 1646 tione
532 1614 603 1657 reyi
626 1612 810 1656 sacienclci¹.

395 1693 567 1720 Venerabili
588 1693 674 1721 fratri
695 1693 920 1728 archiepiscopo
937 1694 1102 1722 Gnesnensi

574 1747 712 1774 Urbanus
743 1747 821 1781 Papa
847 1747 923 1774 vm.

595 1808 784 1836 Venerabilis
796 1809 901 1843 frater,

414 1855 542 1881 salutem
568 1857 599 1880 et
619 1854 815 1887 apostolicam
834 1854 1084 1882 benedictionem.

424 1925 438 1968 ἓ
463 1925 491 1957 «1.
518 1925 637 1968 Exponi
662 1924 752 1957 nohis
777 1935 878 1968 nuper
902 1925 1011 1967 fecisti,
1026 1924 1120 1968 quod,

380 1988 450 2011 cum
484 1988 542 2021 pro
575 1978 755 2012 defensione
787 1978 859 2011 fidei
893 1978 1065 2011 catholicae
1090 1978 1121 2010 in

380 2042 479 2075 regno
511 2032 658 2065 Poloniae
695 2043 806 2075 graves
838 2043 991 2076 expensae
1024 2033 1121 2065 sactae

378 2085 506 2126 fuerint,
521 2085 634 2129 quibus
648 2086 806 2119 aerarium
820 2086 983 2130 publicum
1004 2086 1120 2118 exhau-

381 2144 462 2172 stum
488 2144 544 2179 est,
569 2139 639 2171 laici
666 2139 806 2172 eiusdem
832 2140 922 2182 regni
943 2139 1121 2172 obtulerant

381 2192 581 2226 contribuere
606 2203 666 2236 pro
691 2192 801 2225 eadem
826 2192 1025 2233 defensione,
1051 2198 1081 2225 et
1104 2203 1121 2225 a

381 2246 466 2279 clero
491 2245 630 2278 eiusdem
658 2246 748 2288 regni
772 2246 903 2289 petitum
937 2246 994 2278 fuit
1027 2252 1060 2278 ut
1090 2246 1122 2278 in

381 2300 439 2332 hae
463 2299 697 2332 contributione
722 2303 913 2333 concurrant
939 2310 1009 2332 cum
1035 2299 1121 2332 laicis

381 2353 560 2397 praedietis,
585 2353 669 2397 quod
695 2363 766 2385 eum
793 2357 826 2385 tu
851 2358 880 2385 et
905 2353 957 2385 alii
981 2353 1121 2397 episcopi

382 2407 522 2440 eiusdem
548 2407 637 2450 regni
664 2412 773 2450 sponte
799 2407 901 2439 faeere
927 2406 1072 2450 cupiatis,
1097 2407 1121 2439 si

382 2465 489 2495 nostra
514 2466 543 2494 et
567 2461 660 2494 liuius
678 2466 803 2494 sanetae
821 2460 909 2493 Sedis
926 2460 1122 2503 Apostolicae

383 2514 517 2559 desuper
526 2515 693 2549 accesserit
702 2514 839 2557 lieentia,
850 2513 941 2548 nobis
955 2519 1123 2559 propterea

423 2632 432 2659 ¹
456 2629 492 2658 Ex
510 2631 616 2667 aegest.
642 2632 667 2659 in
684 2631 783 2659 Secret.
802 2631 881 2659 BreV.

945 212 1125 237 BULLARIUM
1150 212 1305 237 ROMANUM

1147 261 1309 293 humiliter
1333 260 1503 304 supplicari
1527 260 1646 301 fecisti,
1671 265 1704 293 ut
1728 259 1887 293 licentiam

1147 314 1329 347 huiusmodi
1355 314 1530 347 concedere
1550 314 1588 347 de
1607 314 1801 358 benignitate
1819 323 1891 358 apo-

1148 368 1259 401 stolica
1283 368 1497 411 dignaremur.

1193 422 1207 465 ξ
1239 422 1268 455 Ξ.
1295 423 1356 455 Nos
1381 422 1495 465 igitur,
1520 422 1595 455 dicti
1619 422 1767 455 Poloniae
1801 420 1890 464 regni

1148 475 1385 508 necessitatibus
1399 475 1579 508 huiusmodi
1594 475 1632 508 ad
1645 474 1790 508 effectum
1803 484 1891 518 prae-

1148 529 1265 563 dictum
1277 529 1441 562 consulere
1453 529 1602 569 volentes,
1612 528 1650 561 de
1659 527 1887 561 venerabilium

1148 582 1281 615 fratrum
1306 587 1488 615 nostrorum
1514 581 1543 615 S.
1570 582 1604 614 R.
1622 581 1655 614 E.
1682 580 1888 614 cardinalium

1148 636 1372 669 controversiis
1396 635 1699 669 iurisdictionalibus
1726 634 1889 678 praeposi-

1149 695 1253 723 torum
1272 690 1415 730 consilio,
1436 689 1624 723 fraternitati
1645 692 1715 723 tuae
1731 699 1788 733 per
1803 698 1890 732 prae-

1149 749 1251 776 sentes
1264 744 1490 777 committimus
1504 748 1533 776 et
1547 742 1741 782 mandamus,
1751 747 1794 783 ut,
1808 741 1890 774 veris

1150 798 1355 830 existentibus
1388 807 1484 841 supra
1508 797 1665 838 narratis,
1690 797 1775 829 clero
1800 795 1890 838 regni

1150 852 1312 895 praedicti,
1333 858 1368 885 ut
1391 863 1450 896 pro
1474 852 1565 885 dietis
1585 850 1824 884 necessitatibus
1845 859 1890 881 re-

1150 905 1202 948 gni
1238 905 1419 938 huiusmodi
1455 910 1485 938 et
1516 905 1555 937 ad
1591 904 1710 937 dietum
1742 902 1888 935 effectum

1151 968 1222 991 cum
1247 958 1338 991 dictis
1364 958 1451 991 laicis
1475 958 1505 990 in
1532 956 1764 990 contributione
1788 955 1893 988 huius-

1151 1012 1249 1052 modi,
1275 1017 1385 1055 sponte
1408 1016 1531 1052 tamen,
1556 1015 1586 1043 et
1610 1020 1670 1054 pro
1694 1011 1756 1042 una
1772 1013 1892 1041 tantum

1154 1067 1229 1107 vice,
1251 1071 1281 1099 et
1304 1077 1362 1110 pro
1377 1066 1508 1099 honesta
1528 1065 1685 1109 portione,
1703 1073 1892 1097 concurrere

1152 1120 1249 1153 libere
1263 1126 1292 1153 et
1307 1120 1390 1152 licite
1413 1119 1543 1163 possint,
1563 1124 1659 1162 tuque
1679 1118 1773 1150 etiam
1790 1116 1892 1161 possis

1152 1178 1181 1207 et
1206 1174 1328 1213 valeas,
1353 1172 1527 1217 apostoliea
1551 1171 1758 1211 auctoritate,
1783 1175 1892 1203 tenore

1152 1226 1543 1271 praesentium,licentiam
1561 1225 1714 1259 concedas
1728 1229 1758 1257 et
1774 1224 1891 1267 imper-

1153 1280 1250 1321 tiaris,
1276 1279 1413 1323 ibique',
1438 1285 1472 1312 ut
1498 1279 1536 1312 ad
1561 1278 1756 1312 exactionem
1781 1276 1894 1311 contri-

1152 1334 1290 1367 butionis
1314 1344 1371 1377 per
1396 1333 1516 1366 clerum
1536 1332 1717 1366 huiusmodi
1734 1330 1894 1364 faciendae

1153 1399 1209 1432 per
1233 1397 1383 1432 personas
1408 1386 1635 1420 ecclesiasticas
1667 1390 1698 1419 et
1723 1395 1788 1419 non
1817 1384 1894 1417 alias

1153 1442 1326 1486 procedere
1343 1441 1469 1483 debeas,
1481 1440 1590 1474 eadem
1611 1439 1796 1473 auctoritate
1813 1448 1895 1472 com-

1154 1495 1306 1528 mittimus
1331 1501 1362 1528 et
1391 1495 1596 1535 inandanius;
1626 1493 1894 1533 contradictores,

1153 1561 1189 1583 ac
1221 1550 1344 1583 solvere
1378 1555 1559 1582 recusantes
1595 1558 1652 1592 per
1688 1557 1836 1581 censuras
1867 1552 1897 1579 et

1154 1614 1270 1648 poenas
1303 1603 1531 1637 ecclesiasticas
1566 1602 1689 1645 aliaque
1719 1605 1896 1645 opportuna

1155 1658 1232 1691 iuris
1255 1663 1284 1691 et
1309 1658 1381 1691 facti
1407 1656 1546 1691 remedia
1577 1656 1687 1690 eadem
1712 1655 1896 1689 auctoritate

1155 1712 1393 1756 compescendo,
1418 1712 1562 1744 invocato
1585 1711 1678 1744 etiam
1704 1709 1742 1742 ad
1767 1709 1844 1752 hoc,
1871 1709 1896 1741 si

1156 1777 1234 1810 opus
1258 1766 1363 1806 suerit,
1387 1765 1504 1798 auxilio
1529 1764 1650 1798 brachii
1676 1762 1836 1797 secularis.

1200 1820 1215 1862 ἓ
1238 1819 1268 1852 3.
1293 1820 1362 1852 Non
1392 1818 1589 1852 obstantibus
1623 1817 1749 1851 concilii
1772 1817 1895 1849 Latera-

1156 1872 1281 1912 nensis,
1307 1882 1343 1905 ac
1373 1871 1536 1916 quibusvis
1567 1869 1844 1904 constitutionibus
1868 1873 1898 1902 et

1156 1924 1407 1958 ordinationibus
1431 1923 1625 1968 apostolicis,
1650 1932 1772 1955 necnon
1797 1922 1897 1955 eccle—

1156 1979 1272 2012 siarum
1288 2006 1295 2019 ,
1321 1977 1587 2011 monasteriorum
1615 1982 1645 2010 et
1668 1975 1896 2009 beneficiorum

1156 2032 1246 2076 regni
1261 2032 1453 2075 huiusmodi,
1471 2031 1563 2065 etiam
1584 2030 1774 2072 iuramento,
1787 2029 1900 2063 confir-

1902 211 1956 239 An.
1972 212 2003 240 C.
2021 212 2089 240 ¹644

1933 433 2013 457 Quibus
2034 433 2090 455 Pon-

1906 460 1955 481 tifex
1981 460 2090 482 licentiam

1904 487 2010 508 concedit.

1953 1822 2046 1848 nerogat
2058 1822 2096 1843 ob-

1913 1850 2024 1870 stantibus.

1156 2086 1292 2119 matione
1317 2085 1509 2129 apostoliea,
1534 2085 1579 2117 vel
1612 2083 1720 2128 quavis
1749 2083 1898 2117 firmitate
1928 2088 1931 2091 “

1155 2140 1215 2173 alia
1240 2139 1407 2180 roboratis,
1428 2138 1550 2172 statutis
1563 2143 1593 2171 et
1607 2136 1896 2178 consuetudinibus,

1156 2192 1328 2236 privilegiis
1353 2202 1490 2235 quoque,
1511 2191 1638 2224 indultis
1651 2196 1680 2223 et
1696 2189 1809 2223 litteris
1826 2199 1898 2233 apo-

1156 2245 1282 2286 stolicis,
1293 2256 1328 2279 ac
1341 2244 1605 2289 exemptionibus,
1615 2242 1896 2285 immutationibus,

1157 2299 1249 2332 ctiam
1269 2299 1299 2332 in
1324 2309 1458 2343 corpore
1484 2299 1562 2331 iuris
1587 2298 1711 2338 clausis,
1736 2296 1898 2341 quibusvis

1157 2353 1346 2396 generaliter
1371 2353 1418 2385 vel
1450 2348 1627 2396 specialiter
1657 2350 1814 2384 concessis
1839 2349 1895 2392 (e-·

1157 2406 1260 2439 tiamsi
1285 2406 1322 2438 de
1349 2406 1408 2438 illis
1441 2415 1614 2448 eorumque
1639 2403 1712 2437 totis
1734 2403 1897 2436 tenoribus

1157 2460 1195 2493 de
1221 2460 1317 2494 verbo
1342 2460 1380 2493 ad
1406 2460 1535 2493 verbum
1561 2459 1677 2492 mentio
1698 2468 1753 2491 seu
1770 2457 1898 2502 quaevis

1157 2514 1216 2547 alia
1240 2514 1400 2558 expressio
1422 2512 1566 2546 habenda
1590 2512 1638 2553 sit,
1655 2512 1705 2546 et²
1730 2511 1760 2544 in
1783 2512 1828 2544 eis
1845 2521 1896 2544 ca-

1196 2585 1206 2611 l
1229 2584 1328 2612 Forsan
1345 2584 1452 2619 tibique
1468 2591 1515 2619 pro
1533 2582 1787 2618 ibique'legeudum
1799 2582 1896 2616 (n.'r.).

1193 2629 1208 2656 ⁹2
1229 2629 1454 2658 Coniunctioncm
1475 2632 1500 2656 et
1520 2637 1568 2656 nos
1584 2627 1707 2656 addimus
1723 2631 1760 2663 (n.
1777 2627 1825 2665 iz).
