2107 3142
125 216 172 241 An.
184 214 213 241 C.
237 213 305 240 ¹654

140 382 192 402 Tres
203 381 256 402 alios
267 381 311 407 epi-

123 413 201 434 scopos
217 407 284 428 addit.

353 204 418 237 776

323 271 365 305 pa
386 262 421 302 X,
448 260 642 293 venerabiles
666 260 799 301 fratres,
825 264 883 291 010.
910 259 1073 302 (reliqua,

325 318 362 346 ut
387 315 423 346 in
441 324 498 346 suo
525 312 661 355 ordine).

371 366 424 410 §¹1.
435 366 590 404 Quoniam
605 375 680 398 vero
694 365 733 398 ob
748 365 903 406 locorum,
915 365 946 396 in
960 365 1074 408 quibus

325 429 391 459 vos,
405 418 600 451 venerabiles
613 418 726 450 fratres
743 418 934 450 Arelatensis
954 423 984 451 et
996 418 1075 451 Tho—

326 474 432 506 losanc
454 471 695 515 archiepiscopi,
712 482 748 504 ac
764 471 939 504 Aniciensis
958 476 987 503 et
1011 471 1073 504 Ma·

325 525 514 559 tisconensis
536 524 690 568 episcopi,
712 524 867 565 residetis,
881 524 1073 564 distantiam,

324 588 390 611 non
415 578 503 610 licuit
527 577 617 610 vobis
643 578 795 610 hactenus
816 578 847 609 in
865 588 999 610 numero
1017 588 1074 620 per

324 641 384 664 nos
398 631 428 663 in
443 631 647 674 praeinsertis
661 631 774 663 litteris
792 631 990 674 praescripto
1004 641 1074 663 000-

323 684 433 716 venire
452 695 510 727 pro
526 684 710 728 exequenda
723 685 832 716 nostra
847 684 1073 717 commissione

326 738 483 780 praefata:
502 737 635 778 idcireo,
651 749 714 781 quo
735 737 858 770 facilior
875 738 1026 770 reddatur
1044 744 1073 770 et

324 800 365 823 ne
390 790 523 823 ulterius
547 791 727 824 retardetur
748 791 928 834 praedictae
947 796 1073 823 nostrae

326 844 561 877 commissionis
586 845 739 884 executio,
757 844 966 884 decrevimus,
980 844 1073 877 firma

325 897 358 929 in
384 897 497 930 ceteris
521 902 703 930 remanente
724 897 935 940 praefatarum
953 903 1074 930 nostra-

325 960 397 983 rum
423 951 599 983 litterarum
621 950 838 994 dispositione,
853 951 1073 994 praenomina·

324 1005 365 1036 tis
389 1010 526 1047 quatuor
551 1005 702 1047 delegatis
726 1010 789 1037 tres
815 1005 903 1045 alios,
922 1005 1073 1038 ⁴videlicet

326 1068 392 1097 vos,
406 1059 518 1090 tratres
543 1057 682 1101 episcopi
703 1057 931 1097 [thedonensis
949 1058 1073 1091 Ambia-

324 1110 431 1143 nensis
456 1116 484 1143 et
505 1111 751 1151 Suessionensis,
766 1117 818 1143 aut
843 1111 873 1143 in
892 1112 936 1143 tui
955 1112 1070 1152 locum,

326 1163 424 1196 frater
449 1164 595 1207 episcope
621 1164 876 1204 Suessionensis,
903 1170 950 1204 10,
975 1165 1072 1197 frater

328 1216 476 1259 episcope
485 1217 705 1257 Caesariensis,
716 1217 880 1250 coadiutor
895 1217 1033 1249 eiusdem
1045 1228 1072 1250 c-

325 1270 446 1313 piscopi
459 1271 704 1311 Suessionensis,
722 1271 903 1313 adiungere.
919 1272 1071 1310 Quocirca

325 1323 416 1356 vobis
441 1329 572 1367 septem,
586 1324 698 1356 fratres
716 1325 946 1367 archiepiscopi
965 1330 994 1356 et
1008 1325 1072 1368 epi-

327 1377 425 1420 scopi,
439 1388 495 1421 per
508 1383 688 1421 praesentes
699 1378 872 1421 apostolica
885 1378 1072 1410 auctoritate

328 1430 557 1464 committimus
581 1436 611 1463 et
636 1431 834 1469 mandamus,
861 1436 893 1463 ut
918 1442 983 1472 vos,
999 1441 1072 1463 con-

327 1482 458 1515 iunctim
478 1484 525 1516 rel
542 1484 724 1527 separatim,
750 1494 813 1516 non
839 1489 945 1516 tamen
965 1484 994 1515 in
1015 1484 1072 1515 mi-
1090 1501 1091 1511 i

326 1535 397 1568 nori
422 1546 557 1569 numero
574 1547 667 1579 quam
683 1536 755 1575 duo,
771 1537 808 1569 ad
825 1537 1072 1570 vcriticationcm

325 1589 504 1632 praedictae
529 1590 679 1633 epistolae
703 1590 778 1623 dicti
804 1590 930 1622 llenrici
956 1590 1074 1623 archie-

326 1643 449 1686 piscopi
475 1643 664 1676 Senonensis
686 1649 715 1676 et
736 1643 870 1677 aliorum
892 1643 923 1675 in
951 1644 1073 1686 praein-

327 1696 418 1729 sertis
442 1696 559 1729 nostris
584 1697 696 1729 litteris
722 1701 943 1730 contentorum
968 1707 1091 1744 proce-¹

327 1749 417 1782 datis.
444 1750 480 1782 Et
505 1750 589 1793 quia,
602 1756 673 1793 post
690 1750 872 1782 earumdem
890 1754 1071 1784 nostrarum

326 1802 504 1835 litterarum
530 1803 774 1846 expeditionem,
796 1803 941 1847 pervenit
961 1804 1000 1836 ad
1021 1791 1091 1838 00-,1

327 1861 424 1888 stram
451 1857 593 1888 notitiam
614 1856 812 1889 venerabiles
837 1857 949 1889 fratres
973 1857 1068 1890 Nico-

327 1909 411 1941 laum
438 1910 691 1943 Bellovacenscm
707 1915 736 1942 et
753 1910 941 1943 Gilibertuni
959 1910 1073 1943 Conve-

327 1972 439 1994 narum
458 1963 623 2006 episcopos
637 1963 814 2006 publicasse
829 1963 904 1994 alias
923 1963 1072 2006 epistolas

327 2017 503 2059 pastorales
535 2017 701 2050 occasione
735 2016 914 2059 praedictae
947 2021 1072 2050 nosti-ac

328 2069 561 2102 constitutionis
580 2075 689 2102 contra
701 2069 876 2102 doctrinam
888 2070 1073 2112 Auyasn‘ni
1088 2070 1090 2084 '¹

327 2122 480 2165 praedicti
505 2123 639 2156 Cornelii
665 2123 816 2164 Iansenii,
839 2134 974 2166 quarum
998 2123 1071 2162 illa,

327 2186 408 2219 quac
433 2181 479 2208 est
504 2176 578 2209 dicti
604 2176 723 2208 Nicolai
749 2176 905 2220 episcopi,
931 2177 1002 2208 data
1027 2167 1089 2208 cstl

328 2229 377 2261 die
403 2239 447 2262 xit
472 2229 652 2262 novembris
677 2230 817 2262 eiusdem
844 2230 915 2262 anni
942 2240 1070 2269 11001110

328 2285 391 2314 una
408 2294 478 2315 cum
498 2283 632 2326 quadam
654 2285 708 2315 sua
726 2283 923 2315 ordinatione
944 2283 1001 2315 sub
1024 2285 1072 2316 ea-

327 2335 398 2368 dem
424 2336 506 2377 data,
531 2337 630 2369 altera
654 2346 729 2369 vero
753 2336 906 2379 praedicti
928 2336 1089 2373 Gitiberti,

328 2389 465 2432 episcopi
487 2389 557 2423 data
581 2395 627 2422 cst
651 2389 701 2422 dic
725 2400 744 2423 x
769 2389 909 2422 octobris
930 2389 1070 2421 ciusdem

327 2441 399 2473 anni
424 2451 560 2481 uncum
586 2442 674 2474 vobis
710 2442 817 2474 itidem
851 2452 908 2485 per
945 2443 1069 2474 easdem

327 2501 508 2537 praesentes
522 2495 750 2528 coi‘nmittirnus
764 2501 793 2528 et
808 2495 1005 2535 mandamus,
1026 2501 1069 2537 ut,

328 2550 450 2579 servata
476 2549 578 2580 soi-ina
605 2560 701 2591 supra
730 2549 946 2592 praescripta,
978 2546 1089 2581 ctiam*

328 2602 366 2633 ad
392 2602 556 2635 ambarum
582 2603 695 2636 harum
714 2603 918 2646 epistolarum
934 2607 963 2636 et
983 2614 1070 2646 prac-

914 211 1092 234 BULLARIUM
1118 210 1273 235 ROMANUM

1108 258 1210 291 dictae
1234 257 1442 291 ordinationis
1466 258 1713 292 verificationem
1736 260 1849 292 iisdem

1109 311 1210 344 modis
1243 316 1274 343 et
1302 310 1468 352 terminis,
1498 311 1552 353 qui
1583 311 1614 344 in
1645 313 1852 355 praeinsertis

1107 364 1224 397 nostris
1248 363 1361 396 litteris
1386 363 1491 407 quoad
1514 364 1761 398 verificationem
1787 365 1850 409 epi-

1108 418 1206 451 stolae
1225 417 1392 461 pastoralis
1424 417 1498 451 dicti
1530 417 1658 450 110οΓ101
1687 419 1848 463 archiepi-

1108 470 1193 514 scopi
1219 470 1409 504 Senonensis
1426 470 1613 514 praescripti
1639 476 1720 513 sunt,
1744 482 1854 515 proce—

1107 523 1197 556 datis.

1152 576 1210 620 53.
1224 577 1291 610 Non
1308 576 1506 610 obstantibus
1520 576 1669 610 omnibus
1683 577 1754 618 illis,
1773 587 1854 621 quae

1108 631 1138 664 in
1164 631 1281 664 eisdem
1307 631 1423 664 nostris
1455 631 1567 664 litteris
1601 631 1759 664 voluimus
1790 642 1854 664 non

1107 684 1244 723 obstare,
1270 684 1446 728 ceterisque
1464 684 1631 718 contrariis
1649 684 1856 727 quibuscum-

1107 748 1177 780 que.

1151 790 1264 823 Datum
1289 791 1418 830 Romae,
1443 790 1526 834 apud
1551 790 1580 823 S.
1605 791 1733 824 Mariam
1759 791 1855 825 Maio-

1107 854 1185 883 rem,
1201 843 1260 876 sub
1278 843 1395 876 annulo
1413 843 1596 883 Piscatoris,
1610 844 1660 877 die
1677 854 1754 878 xxvl
1771 850 1856 878 octo—

1107 897 1173 929 bris
1194 906 1327 937 Mncuv,
1349 897 1550 940 pontificatus
1575 898 1676 930 nostri
1693 907 1774 931 anno
1795 908 1836 931 lx.

1145 960 1201 986 Dat.
1219 959 1262 986 die
1278 959 1312 986 26
1329 960 1448 986 octobris
1466 960 1543 993 1654,
1560 960 1657 994 pontif.
1675 968 1747 987 anno
1762 967 1799 987 x1.

1420 1102 1540 1136 CXCVI.

1088 1182 1300 1216 :Commt'ssz'o
1330 1183 1572 1226 archiepiscopo
1598 1182 1801 1215 Bina-{censi
1825 1187 1854 1215 ct

1151 1236 1295 1279 episcopo
1318 1235 1466 1269 Olorensz'
1488 1246 1548 1279 pro
1573 1235 1759 1268 emecutione
1775 1235 1855 1268 Bre-

1150 1290 1241 1321 rium
1265 1300 1362 1332 super
1387 1289 1608 1322 declaratione
1631 1289 1854 1322 secularitatis

1153 1341 1423 1385 Conyreyatiom's
1448 1342 1623 1374 Doctrinae
1643 1341 1853 1375 Christianae

1152 1396 1188 1426 in
1214 1394 1328 1428 Gallia
1353 1394 1608 1427 enzenctlorttm¹.

1107 1475 1335 1502 Venerabilibus
1355 1475 1512 1505 fratribus,
1526 1475 1756 1509 archiepiscopo
1771 1474 1854 1502 Bitu-

1143 1518 1257 1545 ricensi
1279 1526 1313 1546 ac
1334 1519 1474 1552 episcopo
1495 1519 1643 1550 olorensi,

1303 1572 1501 1600 Innocentius
1526 1572 1604 1606 Papa
1623 1573 1656 1600 X.

1313 1634 1506 1661 Venerabiles
1527 1635 1650 1665 fratres,

1156 1680 1285 1706 salutem
1300 1682 1330 1706 et
1347 1679 1543 1712 apostolicam
1557 1679 1808 1707 benedictionem.

1152 1750 1166 1792 ἓ
1194 1750 1219 1782 1.
1245 1751 1354 1793 Nuper
1379 1760 1436 1793 pro
1461 1756 1550 1793 parte
1575 1750 1680 1783 dilecti
1705 1750 1762 1783 filii
1787 1751 1854 1784 810-

1107 1803 1201 1846 phani
1222 1802 1377 1842 Daulmoi,
1397 1803 1574 1847 presbyteri
1595 1804 1855 1847 Congregationis

1108 1856 1274 1889 Doctrinae
1295 1856 1489 1889 Christianae
1514 1856 1545 1888 in
1565 1856 1674 1897 Gallia,
1692 1857 1784 1890 nohis
1806 1868 1855 1890 ex-

1106 1910 1244 1953 positum
1274 1910 1353 1950 fuit,
1378 1910 1473 1953 quod,
1491 1920 1563 1942 cum
1588 1915 1660 1953 post
1683 1911 1855 1944 emanatio-

1107 1974 1178 1995 nem
1212 1968 1394 1995 nostrarum
1429 1963 1460 1994 in
1491 1962 1586 1995 simili
1618 1964 1720 1996 forma
1748 1964 1855 1997 Brevis

1107 2017 1156 2049 die
1186 2027 1250 2050 xxx
1279 2017 1359 2049 iullii
1390 2026 1543 2050 mncxrvn
1571 2022 1602 2050 01
1629 2017 1679 2049 (110
1709 2027 1770 2050 xxx
1797 2028 1853 2050 au-

1106 2070 1189 2113 gusti
1216 2080 1324 2103 MDCLH
1345 2069 1563 2113 expeditarum
1592 2070 1779 2111 litterarum,
1796 2081 1854 2115 per

1107 2133 1185 2166 quas
1214 2123 1364 2155 unionem
1394 2122 1654 2165 Gongrcgationis
1673 2123 1854 2157 'Doctrinae

1106 2176 1301 2209 Christianae
1328 2176 1511 2209 huiusmodi
1531 2177 1775 2220 Congregationi
1804 2178 1853 2210 di-

1106 2230 1261 2262 lectorum
1282 2229 1421 2262 liliorum
1441 2229 1630 2262 clericorum
1657 2230 1853 2273 regularium

1105 2282 1143 2314 de
1164 2282 1335 2315 Somascha
1359 2288 1614 2327 nuncupatorum
1640 2289 1731 2316 antea
1751 2289 1855 2317 aucto-

1105 2336 1198 2369 ritate
1231 2336 1404 2380 apostolica
1435 2336 1596 2369 fundatam
1629 2336 1852 2379 dissolvimus,

1106 2389 1313 2432 eamdemque
1357 2390 1642 2432 Congregationem
1685 2390 1852 2423 Doctrinae

1105 2442 1299 2476 Christianae
1320 2442 1358 2475 ad
1379 2447 1492 2476 statum
1515 2443 1700 2482 secularem,
1714 2443 1799 2475 iuxta
1820 2443 1853 2475 il-

1088 2515 1089 2520 =
1106 2495 1165 2528 lius
1191 2496 1370 2528 institutum
1388 2506 1405 2528 a
1421 2496 1520 2529 felicis
1541 2495 1769 2529 recordationis
1785 2496 1852 2530 Cle-

1143 2614 1151 2637 1
1177 2611 1213 2638 Ex
1235 2612 1344 2646 Regest.
1367 2612 1394 2638 10
1416 2612 1519 2638 Secret.
1542 2611 1618 2638 Brer.

1870 212 1919 237 An.
1933 211 1960 237 C.
1983 213 2050 241 1654

1896 1760 1984 1782 Mouva.
