2107 3142
164 179 211 207 Αιι.
230 181 258 208 C.
281 180 348 209 1639
387 173 437 206 9242

179 1423 299 1449 Altoquutio
310 1428 342 1444 re-

156 1456 174 1473 gu
194 1450 302 1470 catholico
320 1451 342 1469 ut

156 1477 305 1501 impedimenta
322 1478 342 1495 rt

155 1503 242 1523 sevitia<
272 1504 341 1523 eidem

155 1535 258 1555 cpucopo
273 1530 340 1551 saetas

156 1558 271 1578 removeat.

359 230 454 264 domo
478 231 682 271 obsederunt,
704 240 739 263 ac
763 231 858 264 etiam
883 232 986 265 eidem
1007 233 1045 266 ad
1070 244 1103 267 se

359 284 571 317 dejiciendum
596 294 613 317 e
637 284 774 317 fenestra
804 295 877 318 cuni
907 285 989 320 vitae
1012 288 1101 331 peri-

360 337 441 379 culo,
456 347 496 370 ne
510 337 582 369 talia
606 342 776 380 pateretur,
795 349 922 372 eausam
939 340 1104 382 dederunt,

359 396 389 423 et
412 390 614 424 interdictum
639 391 885 426 ecclesiasticum
900 393 938 426 ab
959 405 996 428 eo
1016 395 1104 439 posi-

359 449 443 483 tum,
468 443 523 475 Dei
548 443 742 477 iracundiam
767 447 987 489 provocando,
1012 449 1104 492 parvi

358 498 510 539 lecerunt,
536 507 572 530 ao
596 497 710 531 deinde
725 509 743 531 a
759 501 952 534 monasterio
969 502 1104 535 fratrum

358 549 483 582 Ordinis
507 551 604 583 sancti
622 551 780 586 Francisci
797 553 930 587 civitatis
949 555 1104 599 Ulyssipo-

358 603 484 645 nensis,
517 603 556 636 ad
580 615 675 647 quam
705 616 742 638 ex
772 607 887 640 exteris
922 608 1103 642 nationibus

359 656 453 689 etiam
478 657 620 691 infideles
654 663 684 691 et
717 659 868 693 haeretici
893 664 986 695 causa
1010 673 1102 695 com—

359 711 468 744 mercii
494 713 666 755 conssuunt,
691 724 754 747 non
779 715 845 747 sine
872 716 1103 750 catholicorum

358 765 506 798 scandalo
526 776 562 798 ac
581 767 778 801 orthodoxae
802 768 875 801 fidei
900 769 1103 804 inimieorum

358 818 516 852 derisione
547 820 699 863 sacrilege
720 825 932 865 extraxerunt,
951 823 1103 866 illumque

358 872 491 905 invitum
517 879 604 906 extra
628 875 789 918 praedicta
812 886 911 918 regna
939 877 978 909 acl
1005 877 1103 910 instar

357 926 526 960 facinorosi
550 932 581 960 et
605 928 704 961 hostis
721 929 878 962 duxerunt
896 930 929 962 in
946 930 1045 974 ipsius
1062 931 1103 963 vi-

358 980 531 1024 lipendium
558 986 588 1014 et
613 981 701 1014 Sedis
726 983 926 1026 Apostolicae
954 990 1100 1018 contem-

357 1039 458 1078 ptum,
483 1035 666 1076 sententias,
692 1047 842 1070 censuras
866 1043 896 1070 et
919 1049 1038 1082 poenas
1063 1039 1101 1071 ab

358 1089 470 1121 iisdem
501 1089 599 1122 sacris
631 1084 803 1123 canonibus
833 1096 864 1123 et
893 1092 1100 1125 conciliorum

358 1143 584 1175 universalium
610 1143 744 1177 decretis
769 1155 805 1177 ac
825 1145 1101 1179 constitutionibus

357 1197 559 1239 apostolicis,
590 1197 684 1230 etiam
701 1197 709 1214 ¹
727 1198 814 1231 Bulla
845 1199 876 1231 in
904 1199 953 1232 die
981 1200 1100 1233 Coenae

357 1250 481 1282 Domini
506 1251 567 1294 legi
593 1252 694 1292 solita,
716 1252 785 1296 ipso
810 1253 878 1285 iure
898 1253 1034 1287 inflictas
1050 1253 1101 1286 da-

357 1304 537 1338 mnabiliter
561 1307 622 1338 una
648 1316 720 1339 cum
745 1306 953 1350 eomplicibus
973 1307 1038 1340 suis
1058 1307 1101 1340 in-

357 1358 526 1391 currendo.

401 1412 416 1455 g
440 1412 470 1444 ⁶2.
491 1413 554 1445 Nos
579 1416 683 1446 autem
698 1440 705 1453 ,
730 1418 763 1445 ut
788 1414 869 1447 Deus
898 1414 936 1446 ab
961 1415 1100 1448 Ecclesia

356 1467 413 1499 sua
438 1466 618 1499 huiusmodi
644 1477 772 1509 gravem
791 1467 991 1501 afflictionem
1011 1479 1099 1501 aver.-

357 1524 410 1560 tat,
435 1519 474 1552 ad
498 1530 571 1565 eum
597 1519 771 1552 levabimus
791 1521 901 1554 oculos
917 1527 1051 1564 nostros,
1070 1527 1100 1555 et

356 1573 495 1615 religiosi
521 1579 629 1606 coetus
650 1574 808 1607 orationes
829 1575 959 1608 fundere
975 1586 1038 1608 non
1055 1576 1100 1608 in-

356 1627 539 1667 terminent,
565 1627 664 1660 donee
678 1627 709 1660 in
725 1628 859 1662 Domino
877 1630 1027 1662 faciamus
1041 1630 1100 1662 vir-

356 1685 464 1714 tutem.
490 1681 618 1713 Interim
650 1692 745 1721 vero,
772 1692 843 1714 cum
868 1692 932 1715 non
957 1683 1099 1715 videatur

356 1733 549 1766 eredendum
574 1744 591 1766 a
616 1744 691 1776 rege
706 1735 860 1767 catholieo
875 1735 1010 1768 scienter
1026 1736 1099 1768 talia

355 1797 535 1827 emanasse,
560 1787 678 1820 idcirco
709 1790 872 1831 sperantes
903 1789 1098 1821 maiestatem

356 1846 440 1873 tuam
467 1841 572 1874 omnia
597 1851 665 1874 esse
688 1841 720 1873 in
745 1842 904 1884 integrum
936 1843 1098 1886 repositu-

354 1906 433 1937 rum,
460 1900 489 1929 et
513 1901 623 1928 contra
653 1895 872 1939 delinquentes
902 1897 1100 1930 animadver-

353 1959 481 1989 suram,
507 1955 724 1992 quantumque
749 1949 880 1982 adverso
912 1950 1017 1983 animo
1047 1950 1099 1982 illa

353 2002 512 2046 acceperit
525 2003 764 2045 patefacturam,
786 2003 928 2035 eamdem
955 2003 1099 2036 maiesta-

355 2062 415 2088 tem
441 2061 527 2088 tuam
552 2061 682 2099 paterne
714 2056 744 2088 in
774 2056 908 2089 Domino
934 2057 1099 2089 hortamur

354 2116 383 2141 ct
408 2110 499 2142 enixe
523 2120 692 2152 rogamus,
718 2115 751 2142 ut
782 2110 881 2142 avitae
898 2123 899 2126 ¹
915 2110 1039 2143 virtutis
1063 2121 1098 2143 ac

353 2163 477 2206 pietatis
501 2163 700 2205 aemulatrix,
733 2174 910 2207 regumque
935 2164 1098 2206 l’ortugal-

354 2217 413 2249 liae
437 2222 467 2250 et
490 2217 726 2259 Aigai-luorum,
751 2217 803 2260 qui
827 2217 858 2249 in
878 2217 1033 2249 similibus
1049 2228 1100 2249 ne-

354 2271 454 2312 gociis
479 2280 539 2314 pro
563 2275 746 2314 opportuno
770 2270 913 2303 remedio
929 2271 967 2302 ad
985 2271 1098 2304 Sedem

354 2324 566 2368 Apostolicam
580 2335 744 2357 recursum
759 2325 948 2365 hahuerunt,
961 2325 1100 2368 vestigiis

355 2378 543 2418 inhaerens,
581 2378 743 2422 praedicta
775 2378 882 2411 onmia
915 2382 945 2412 et
977 2379 1100 2421 singula

356 2431 582 2475 impedimenta
607 2437 637 2464 et
667 2431 887 2475 oppressiones
918 2437 1099 2473 removeat,

940 184 1119 209 BULLARIUM
1144 185 1298 210 ROMANUM

1889 189 1938 217 An.
1959 189 1988 218 G.
2010 192 2022 218 1
2032 168 2065 217 ³1⁸

1139 244 1237 277 regna
1251 234 1487 278 quamprimum
1504 234 1621 267 reverti
1637 239 1667 267 et
1682 234 1715 267 in
1731 235 1882 270 exercitio
1925 253 1928 255 *

1138 287 1186 320 sui
1219 287 1360 320 muneris
1391 288 1577 321 continuare
1608 291 1638 322 et
1666 289 1818 334 prosequi
1847 295 1883 323 ut

1138 340 1226 384 prius
1251 341 1352 385 possit
1375 346 1406 374 et
1430 341 1548 381 valcat3
1573 351 1631 374 nos
1654 341 1738 374 enim
1759 342 1882 386 praedi-

1139 399 1262 427 ctorum
1287 394 1509 427 innovatorum
1528 394 1738 429 remotionem
1755 406 1772 428 a
1789 396 1882 430 maie-

1138 452 1217 480 state
1242 450 1294 480 tua
1319 448 1427 481 sedulo
1452 448 1662 491 postulamus,
1679 448 1775 483 Sedes
1797 449 1881 483 enim

1137 501 1326 544 Apostoliea,
1343 501 1434 534 sicuti
1450 511 1574 545 semper
1589 501 1694 535 facere
1710 504 1881 545 consuevit,

1137 554 1176 586 ab
1207 554 1362 598 aequitate
1392 565 1456 588 non
1488 555 1615 588 recedet
1625 567 1634 596 ;
1664 556 1756 590 nobis
1787 557 1881 591 etiam

1137 608 1364 651 persuadentes
1395 609 1480 642 illam
1512 609 1669 652 gloriam,
1702 620 1797 654 quam
1828 615 1882 645 tua

1138 661 1284 694 maiestas
1318 662 1433 706 pietate
1466 662 1498 694 in
1527 662 1626 695 Deum
1660 666 1690 697 et
1723 667 1882 708 propensa

1137 715 1297 748 voluntate
1321 715 1353 747 iu
1373 715 1486 748 Sedem
1510 716 1726 760 Apostolicam
1749 717 1882 761 aliisque

1136 768 1259 811 magnis
1282 769 1403 802 meritis
1427 769 1590 813 hucusque
1623 776 1790 815 assequuta
1814 775 1881 814 est,
1895 803 1902 808 .

1136 821 1207 854 iude
1231 832 1293 855 non
1318 832 1452 866 parvum
1477 828 1682 866 augmentum
1709 835 1778 858 esse
1797 835 1882 859 rece-

1136 875 1290 919 pturam¹.
1308 876 1345 909 Et
1359 876 1512 920 quidquid
1525 877 1557 910 in
1572 877 1712 911 savorem
1728 879 1882 922 praedicti

1136 929 1317 963 collectoris
1341 940 1359 962 a
1384 931 1436 964 tua
1460 929 1624 976 maiestate
1648 936 1771 973 gestum
1785 931 1883 966 fuerit

1135 983 1227 1015 nohis
1252 987 1314 1015 tam
1341 988 1467 1026 gratum
1492 983 1561 1025 erit,
1585 994 1682 1028 quam
1706 995 1786 1028 quae
1810 996 1882 1029 gra-

1137 1036 1256 1068 tissima
1281 1036 1425 1069 accidere
1456 1042 1597 1080 possunt.
1628 1038 1666 1070 Et
1695 1048 1793 1082 super
1820 1039 1882 1074 hoe

1136 1090 1324 1133 gravissimo
1359 1091 1493 1133 negocio
1525 1101 1597 1123 cum
1631 1091 1792 1126 maiestate
1829 1095 1881 1127 tua

1135 1144 1235 1176 fusius
1260 1144 1394 1176 disseret
1418 1144 1607 1178 venerabilis
1639 1145 1738 1178 frater
1768 1145 1881 1187 Caesar

1135 1198 1378 1242 achiepiscopus
1392 1198 1600 1232 Damiatensis
1609 1194 1744 1233 nuncius
1760 1205 1883 1243 noster,-

1135 1251 1269 1291 ae,dum
1295 1258 1436 1284 nostram
1462 1252 1666 1296 apostolicam
1690 1253 1881 1288 henedictio-

1134 1316 1205 1338 nem
1231 1305 1387 1338 maiestati
1420 1311 1491 1339 tuae
1522 1306 1637 1339 iterum
1666 1307 1880 1351 impertimur,

1134 1359 1212 1391 fusis
1237 1359 1276 1391 ad
1299 1359 1398 1392 Deum
1424 1359 1573 1403 precihus
1598 1361 1736 1404 petimus
1760 1366 1794 1395 ut
1814 1371 1882 1395 cae-

1134 1413 1259 1445 lestium
1273 1413 1449 1456 gratiarum
1463 1413 1545 1446 dona
1560 1414 1662 1447 eidem
1675 1414 1792 1457 iugiter
1804 1415 1881 1449 elar-

1134 1466 1250 1509 giatur.

1179 1520 1291 1553 Datum
1324 1521 1461 1561 Romae,
1486 1520 1569 1564 apud
1599 1520 1627 1554 S.
1657 1520 1787 1557 Mariam
1811 1521 1877 1555 Ma-

1134 1573 1250 1615 iorem,
1277 1574 1335 1606 suh
1360 1574 1478 1607 annulo
1495 1574 1674 1615 Piscatoris,
1699 1574 1749 1608 die
1768 1575 1879 1608 ultima

1134 1628 1273 1660 octobris
1313 1638 1498 1671 itincxxxix,
1538 1628 1741 1672 pontificatus
1779 1629 1880 1663 nostri

1134 1691 1216 1714 auno
1234 1691 1309 1715 xvn.
1861 1692 1864 1695 ’

1170 1743 1228 1771 Dat.
1247 1743 1289 1770 die
1308 1743 1338 1770 31
1360 1743 1479 1771 octobris
1500 1743 1585 1778 1639,
1606 1743 1704 1779 pontif.
1726 1752 1797 1772 anno
1812 1751 1878 1772 xvn.

1417 1896 1595 1930 DCLXXIII.

1133 1977 1174 2010 In
1199 1977 1284 2010 idem
1309 1982 1543 2020 cuyumentum
1566 1977 1803 2022 Marqaritaea
1819 1978 1878 2013 Sa-

1179 2030 1301 2064 bccudia
1325 2031 1521 2074 proreyz'nae
1537 2030 1557 2063 ⁴².
1576 2020 1584 2027 ⁴

1134 2110 1266 2138 Dilectae
1282 2110 1313 2137 in
1330 2111 1449 2138 Christo
1464 2110 1545 2138 filiae
1561 2111 1654 2138 nobili
1665 2111 1787 2139 mulieri
1802 2112 1879 2139 Mar-

1170 2156 1287 2190 garitae
1307 2163 1324 2182 a
1345 2156 1511 2189 sabaudia,
1536 2164 1698 2190 regnorum
1721 2157 1879 2192 Portunal-

1169 2201 1228 2228 liae
1249 2203 1280 2228 et
1299 2201 1504 2235 Atqarbiorum
1524 2201 1713 2237 proreginae‚

1344 2255 1482 2282 Urbanus
1499 2256 1577 2289 Papa
1593 2256 1672 2283 vm.

1134 2317 1250 2345 Dilecta
1265 2317 1295 2344 in
1312 2317 1429 2345 Christo
1445 2318 1508 2344 filia
1523 2318 1633 2345 nobilis
1654 2318 1773 2354 mulier,
1795 2319 1878 2347 salu-

1169 2366 1230 2390 tem
1250 2365 1280 2389 et
1300 2362 1499 2396 apostolicam
1518 2362 1770 2390 benedictionem.

1178 2434 1278 2477 Super
1303 2432 1464 2465 militantis
1485 2432 1642 2466 Ecclesiae
1666 2433 1795 2477 specula
1822 2434 1876 2467 Dei

1894 2469 1898 2472 ἢ
1918 2441 2030 2463 Exordium
2049 2441 2059 2468 j

1893 2474 1939 2494 ipsa
1987 2473 2019 2489 ma
2034 2473 2064 2491 *tt

354 2497 390 2518 ac
415 2485 571 2518 removeri
604 2486 716 2526 saciat,
747 2490 782 2518 ut
812 2485 894 2518 idem
925 2486 1100 2519 Alexander
1134 2486 1326 2530 benignitate
1351 2486 1522 2526 constituti,
1545 2496 1582 2519 ex
1599 2491 1708 2520 nostro
1725 2488 1877 2531 pastorali
1892 2496 2004 2522 sumptum.

357 2539 507 2573 collector
535 2539 639 2572 debita
664 2550 735 2572 cum
761 2539 911 2582 dignitate
930 2540 969 2573 ad
990 2540 1098 2574 eadem

392 2603 402 2629 1
422 2601 573 2638 Praeposit.
588 2602 622 2630 in
637 2602 761 2630 delemus
775 2606 815 2638 (n.
827 2603 876 2639 ⁹12).

1170 2559 1181 2585 1
1204 2558 1357 2591 incongrue
1367 2557 1410 2585 ed.
1423 2557 1492 2584 Main
1507 2557 1572 2592 legit
1583 2549 1767 2594 recepturum
1779 2559 1876 2595 (uxr.)-

1169 2602 1185 2630 2
1205 2603 1242 2630 Ex
1263 2603 1370 2638 Regest.
1391 2603 1421 2630 in
1440 2603 1545 2632 Secret.
1567 2602 1644 2631 Brev.
