2107 3142
20 155 68 185 An.
88 154 118 182 c.
139 152 202 181 1651

39 2135 44 2140 ,
85 2114 209 2135 Praesenti-s

31 2140 109 2186 validas
140 2141 209 2161 decla*

30 2171 70 2188 m.

803 151 1012 177 INNOCEM'trs
1038 153 1053 174 X
1079 151 1126 175 1¹1³.

213 199 367 243 pellarum
402 199 583 232 huiusmodi
618 209 693 232 usus
724 205 754 231 ct
785 199 949 231 utilitatem

213 257 414 294 convertere,
440 252 616 285 dioecesani
652 253 711 285 loci
744 253 789 285 vel
816 253 951 285 cuiusvis

212 305 340 338 alterius
364 305 489 338 licentia
514 305 642 338 minime
662 305 828 348 requisita3
849 316 883 337 ac
906 305 951 336 in-

213 368 310 402 super
333 358 434 391 eidem
470 358 630 398 abbatiae,
656 369 690 390 ac
726 359 869 391 sinecura
901 370 950 390 ec-

215 412 317 445 clesiis
349 422 403 445 seu
429 412 578 455 cappellis
613 411 798 455 praedictis,
825 422 860 444 ac
886 411 952 443 illas

213 476 273 509 pro
298 470 440 509 tempore
464 465 687 505 obtinentibus,
708 471 741 497 ut
760 464 906 497 omnibus
923 469 952 496 et

214 518 346 561 singulis
370 518 552 562 privilegiis,
578 517 836 557 immunitatibus,
852 527 950 549 exem-

215 571 374 615 ptionibus
389 599 396 612 ,
427 571 625 603 libertatibus
639 597 646 609 ,
676 570 930 613 praeeminentiis
945 596 952 609 ,

214 623 462 667 praerogativis,
495 622 770 662 concessionibus,
802 622 953 655 facultati-

215 676 285 716 bus,
305 676 443 716 indultis,
463 676 621 709 favoribus
635 679 664 708 et
681 675 798 717 gratiis,
817 680 879 706 tam
896 675 954 717 spi-

215 728 382 761 ritualibus
402 738 495 772 quam
517 728 752 772 temporalibus,
779 727 892 770 quibus
913 728 950 759 si-

217 781 307 813 miles
341 781 469 813 abbates
494 791 529 814 ae
553 786 693 813 rectores
718 780 784 812 sine
809 782 884 812 cura
909 790 954 812 ec-

217 834 382 866 etesiarum
416 843 469 866 seu
502 834 714 877 cappellarum
752 833 953 872 huiusmodi,

217 896 391 929 eorumque
414 896 465 918 res
489 892 518 918 et
542 886 625 919 bona
649 885 686 918 de
712 886 779 918 iure
811 885 857 918 vel
883 895 956 918 con-

216 938 390 979 suetudine,
408 943 461 971 aut
478 949 515 971 ex
531 938 707 982 privilegio,
725 938 773 970 vel
790 938 865 970 alias
882 948 955 981 quo-

217 990 389 1023 modolibet
413 996 554 1031 utuntur,
572 991 728 1031 fruuntur,
746 990 909 1034 potiuntur
926 996 956 1022 et

217 1043 369 1086 gaudent,
394 1053 430 1076 ac
453 1043 517 1084 uti,
541 1043 619 1085 srui,
644 1043 738 1086 potiri
763 1048 794 1075 et
817 1043 955 1085 gaudere

217 1099 348 1140 possunt
371 1101 402 1129 et
420 1099 568 1140 poterunt
592 1095 829 1139 quomodolibet
853 1096 885 1128 in
909 1096 956 1128 su-

218 1154 335 1190 turum,
361 1148 505 1182 similiter
529 1154 559 1181 et
583 1148 814 1192 pariformiter,
839 1149 955 1192 absque

217 1201 283 1234 ulla
309 1211 442 1244 prorsus
471 1201 665 1242 differentia,
693 1202 724 1233 in
752 1201 900 1233 omnibus
928 1205 957 1234 et

217 1263 274 1297 per
291 1253 406 1294 onmia,
424 1263 459 1286 ac
477 1253 500 1285 si
523 1253 575 1285 illa
596 1253 670 1296 ipsis
691 1253 866 1296 specialiter
887 1264 957 1286 con-

219 1318 306 1341 cessa
329 1307 470 1347 fuissent,
495 1307 550 1347 uti,
567 1307 639 1346 frui,
656 1308 749 1350 potiri
771 1312 800 1339 ct
820 1306 957 1349 gaudere

219 1361 361 1401 valeant,
387 1360 479 1393 etiam
511 1366 664 1404 perpetuo
697 1360 897 1393 concedimus
928 1366 957 1392 et

219 1413 436 1456 indulgemus3
454 1423 489 1445 ac
509 1412 644 1456 denique
662 1413 870 1454 collationem,
888 1423 958 1456 pro-

219 1467 372 1500 visionem
407 1471 436 1499 et
467 1466 680 1500 omnimodam
709 1466 801 1498 aliam
826 1466 958 1509 disposi-

221 1521 338 1554 tionem
362 1519 464 1553 dictae
488 1519 651 1559 abbatiae,
684 1530 719 1552 ac
745 1519 889 1552 sinceura
912 1529 959 1551 ec-

221 1573 388 1606 clesiarum
419 1583 475 1606 seu
499 1572 710 1616 cappellarum
736 1572 959 1615 praefatarum,

221 1633 284 1660 tam
308 1627 367 1659 hac
390 1627 494 1670 prima
518 1626 584 1658 vice
608 1636 624 1657 a
649 1625 809 1669 primaeva
834 1625 958 1658 illarum

221 1679 379 1712 erectione
397 1684 426 1711 et
450 1678 654 1718 institutione,
680 1677 791 1720 <munst
815 1677 960 1720 deinceps

221 1733 380 1776 perpetuis
394 1732 506 1765 suturis
524 1731 729 1775 temporibus,
747 1731 960 1774 quandocum-

221 1796 282 1829 que
295 1785 377 1829 ipsas
393 1790 421 1818 et
437 1795 474 1818 ex
492 1794 690 1828 quacumque
706 1786 853 1827 persona,
869 1784 960 1816 etiam

222 1839 253 1872 in
273 1838 432 1871 mensibus
460 1838 536 1870 alias
553 1837 751 1881 dispositioni
771 1837 961 1881 apostolicae

222 1902 285 1926 non
301 1892 480 1933 reservatis,
497 1902 598 1936 neque
615 1892 744 1932 affectis,
763 1902 872 1924 vacare
890 1901 962 1924 con-

223 1945 340 1988 tigerit,
360 1945 450 1978 nobis
467 1951 498 1978 et
514 1945 750 1978 successoribus
769 1944 884 1978 nostris
902 1945 961 1977 Ro-

224 1999 323 2032 manis
348 1998 551 2032 Pontificibus
575 2009 635 2042 pro
659 2004 802 2041 tempore
827 1998 961 2030 existen-

224 2052 308 2086 tibus
332 2057 486 2096 perpetuo
510 2052 663 2085 afficimus
687 2057 717 2084 et
740 2062 947 2084 reservamus.

269 2105 284 2148 ἓ
307 2104 337 2138 3.
362 2105 571 2137 Decerncntes
586 2110 766 2148 praesentes
783 2110 812 2137 et
829 2104 963 2147 desuper

226 2157 435 2191 conficiendas
462 2157 579 2191 litteras
607 2158 693 2191 nullo
722 2168 859 2201 unquam
886 2162 963 2190 tem-

225 2221 303 2255 pore
334 2210 372 2243 de
404 2211 635 2254 subreptionis,
664 2211 879 2254 obreptionis,
908 2221 962 2244 seu

225 2264 385 2305 nullitatis,
403 2269 456 2297 aut
473 2263 672 2296 invaliditatis
690 2264 774 2305 vitio,
793 2274 848 2296 seu
868 2264 965 2296 inten-

227 2317 319 2351 tionis
350 2322 496 2357 nostrae‚
521 2322 574 2349 aut
605 2317 709 2360 aliquo
735 2316 796 2349 alio
820 2316 940 2349 defectu
956 2343 963 2356 ,

227 2370 320 2404 etiam
341 2369 540 2414 quantumvis
560 2379 685 2412 magno,
705 2369 915 2412 inexcogitato
935 2375 965 2402 et

227 2423 441 2465 substantiali,
465 2423 559 2456 ctiam
584 2433 620 2456 ex
645 2433 682 2456 eo
715 2422 798 2466 quod
834 2432 964 2463 causae,

263 2496 274 2521 1
303 2493 447 2530 Perperam
477 2493 541 2521 edit.
569 2493 651 2520 Malu.
678 2493 742 2528 legit
766 2501 891 2527 quarum
916 2501 964 2528 pro

227 2547 317 2574 quam
335 2540 374 2574 (R.
391 2540 437 2574 T.).

311 2592 389 2621 Bau.
409 2592 492 2621 Rom.
507 2608 542 2612 —
559 2592 620 2620 Vol.
636 2591 695 2620 XV.
863 2590 896 2617 86

1620 138 1678 172 [381

984 204 1113 242 propter
1144 208 1220 241 quas
1251 197 1425 241 praemissa
1457 201 1651 238 emanarunt,
1670 207 1722 228 co-

985 262 1051 283 ram
1082 250 1253 284 Ordinariis
1286 251 1446 290 locorum,
1474 254 1527 282 aut
1559 249 1650 289 alias,
1677 250 1721 281 ut

985 304 1056 337 alibi
1079 304 1282 344 examinatae,
1299 303 1486 345 verificatae‚
1507 303 1554 335 vel
1572 303 1723 345 approba-

986 363 1042 397 tae,
1069 368 1104 389 ac
1129 357 1308 400 superiores
1333 362 1362 389 et
1386 356 1437 388 alii
1462 355 1602 397 religiosi
1623 355 1722 388 dicta:

985 419 1175 453 suppressae
1198 409 1464 452 Congregafionis,
1486 419 1521 442 ac
1546 408 1639 441 ceteri
1659 409 1724 451 qui-

986 473 1120 505 cumque
1145 462 1176 494 in
1203 462 1384 505 praemissis
1413 468 1442 494 et
1471 462 1554 494 circa
1583 472 1618 494 ea
1646 461 1723 493 inu·-

986 525 1071 547 rcsse
1095 514 1255 555 babentes,
1274 525 1329 547 seu
1348 514 1466 547 habere
1487 514 1720 556 quomodolibet

985 568 1235 611 praetendentes,
1249 567 1386 610 desuper
1405 567 1443 599 ad
1464 567 1494 599 id
1513 567 1611 599 vocati
1629 570 1659 599 et
1675 577 1725 598 ar.-

986 620 1041 652 diti
1066 630 1129 652 non
1153 620 1282 660 suerint,
1305 630 1362 652 nec
1387 619 1568 663 praemissis
1593 629 1723 651 eonsen-

987 673 1100 712 serint,
1125 672 1190 705 sive
1215 672 1306 705 etiam
1333 683 1369 705 ex
1405 683 1442 706 eo
1472 672 1556 715 quod
1581 672 1610 704 in
1636 682 1724 715 prae<

989 725 1100 766 missis,
1117 736 1170 757 seu
1184 735 1294 758 eorum
1318 725 1433 768 aliquo,
1455 725 1677 766 solemnitates,
1697 730 1725 756 et

987 778 1114 821 quaevis
1139 778 1198 810 alia
1223 778 1374 810 servanda
1391 782 1420 811 et
1437 778 1644 821 adimplenda,
1664 788 1725 810 ser-

989 836 1055 864 vata
1088 837 1117 864 et
1147 831 1316 874 adimpleta
1346 841 1409 864 non
1441 831 1576 872 suerint,
1608 836 1658 863 aut
1691 841 1726 863 ex

988 894 1189 927 quocumque
1213 884 1274 917 alio
1299 884 1399 927 capite
1424 894 1440 915 a
1467 884 1535 916 iure
1563 884 1611 915 vel
1646 883 1726 915 sacto

988 943 1040 970 aut
1064 942 1178 971 statuto
1211 939 1258 970 vel
1290 937 1514 970 consuetudine
1540 937 1643 979 aliqua
1676 946 1726 968 re-

989 990 1147 1030 sultante¹,
1173 991 1266 1024 etiam
1290 991 1322 1023 in
1346 1000 1480 1033 corpore
1504 989 1581 1022 iuris
1606 990 1726 1029 clausa,

989 1053 1043 1075 seu
1068 1043 1161 1075 etiam
1187 1043 1340 1082 enormis,
1366 1042 1601 1075 enormissimae
1625 1046 1655 1074 et
1679 1046 1726 1074 to-

990 1095 1058 1127 talis
1087 1095 1235 1128 laesionis
1268 1101 1297 1127 et
1326 1095 1435 1138 quovis
1460 1095 1520 1128 alio
1547 1099 1727 1138 praetextu,

989 1148 1170 1188 occasione,
1196 1148 1242 1180 vel
1267 1150 1381 1186 eausa,
1406 1147 1500 1180 etiam
1529 1147 1728 1190 quantumvis

990 1201 1081 1241 iusta,
1099 1200 1288 1240 rationabili,
1306 1200 1456 1242 legitima,
1474 1201 1607 1233 iuridica
1624 1206 1654 1233 et
1670 1201 1729 1244 pri-

991 1254 1145 1295 vilegiata,
1166 1254 1257 1285 etiam
1283 1254 1335 1285 tali
1352 1264 1431 1296 quae
1459 1253 1496 1286 ad
1518 1254 1661 1286 effectum
1680 1264 1730 1285 ra-

991 1306 1117 1338 liditatis
1146 1306 1392 1349 praemissorum
1421 1306 1598 1339 necessario
1627 1306 1727 1349 cxpri⁷

993 1359 1103 1391 menda
1135 1360 1232 1399 foret,
1257 1359 1376 1399 notari,
1401 1359 1596 1402 impugnari,
1622 1359 1729 1391 iurati*

991 1413 1068 1454 dari,
1086 1412 1260 1454 retraetari,
1279 1413 1310 1444 in
1335 1412 1382 1445 ius
1410 1412 1458 1444 vel
1483 1412 1728 1445 controversiam

992 1466 1154 1505 revocari,
1180 1466 1218 1497 ad
1247 1465 1397 1498 terminos
1426 1465 1503 1498 iuris
1528 1465 1657 1505 reduci,
1682 1465 1727 1498 vel

992 1519 1141 1551 adversus
1166 1519 1234 1552 illas
1263 1519 1467 1552 restitutionis
1496 1519 1528 1551 in
1554 1519 1729 1561 integrum,

993 1572 1176 1615 aperitionis
1205 1573 1289 1612 oris,
1314 1572 1505 1605 reductionis
1533 1572 1571 1604 ad
1596 1573 1676 1604 viam
1702 1577 1731 1604 et

995 1626 1143 1658 terminos
1161 1626 1247 1667 iuris,
1266 1631 1319 1658 aut
1343 1625 1426 1658 aliud
1451 1625 1671 1669 quodcumque
1690 1625 1732 1657 iu-

994 1678 1046 1720 ris,
1068 1678 1148 1719 sacti,
1181 1678 1301 1720 gratiae
1327 1678 1373 1711 vel
1398 1678 1532 1711 iustitiae
1557 1678 1729 1710 remedium

995 1732 1166 1775 impetrari,
1185 1742 1239 1764 seu
1256 1731 1493 1775 quomodolibet
1510 1741 1660 1765 concesso
1680 1737 1732 1764 aut.

996 1784 1162 1828 impetrato
1187 1785 1376 1828 quempiam,
1400 1785 1443 1817 uti
1478 1794 1532 1817 seu
1561 1795 1593 1817 se
1626 1785 1732 1816 iuvare

996 1838 1026 1870 in
1050 1838 1166 1871 iudicio
1194 1839 1241 1870 vel
1265 1844 1353 1871 extra
1377 1838 1453 1871 illud
1477 1848 1578 1881 posse,
1598 1848 1655 1870 nec
1676 1838 1732 1870 sul)

995 1892 1155 1935 quibusvis
1186 1892 1336 1924 similium
1361 1892 1410 1924 vel
1433 1891 1630 1924 dissimilium
1662 1901 1732 1933 gra-

996 1945 1120 1984 tiarum,
1146 1944 1238 1977 ctiam
1262 1944 1428 1978 occasione
1451 1944 1576 1977 unionis
1604 1944 1732 1976 effectus

996 2007 1058 2030 non
1082 1997 1219 2039 sortitae,
1240 1996 1501 2038 revocationibus,
1522 1995 1733 2040 suspensioni-

996 2050 1072 2090 bus,
1097 2050 1355 2091 limitationibus,
1387 2054 1440 2083 aut
1470 2049 1538 2082 aliis
1568 2049 1733 2082 contrariis

996 2104 1275 2148 dispositionibus,
1303 2104 1396 2136 ctiam
1429 2113 1486 2147 per
1518 2113 1733 2146 quascumque

997 2158 1233 2190 constitutiones
1249 2157 1446 2200 apostolicas,
1463 2162 1515 2189 aut
1532 2155 1734 2188 cancellariae

997 2211 1185 2254 apostolicae
1210 2210 1345 2252 regulas,
1366 2209 1627 2253 quandocumque
1641 2208 1733 2240 etiam

999 2265 1028 2296 in
1059 2264 1229 2297 erastinum
1261 2263 1484 2306 assumptionis
1516 2271 1733 2294 successorum

998 2321 1178 2350 nostrorum
1194 2316 1231 2349 ad
1250 2316 1363 2348 suumii
1392 2315 1582 2358 apostolatus
1601 2314 1733 2357 apicem,

998 2374 1050 2404 aut
1073 2370 1148 2402 alias
1171 2368 1467 2412 quomodocumque
1491 2366 1599 2406 editas,
1624 2371 1653 2400 et
1678 2367 1735 2399 sul)

998 2423 1251 2466 quibuscumque
1276 2421 1437 2454 tenoribus
1461 2425 1491 2452 ct
1514 2419 1624 2452 formis
1650 2429 1734 2451 ema-

997 2479 1084 2509 natas
1109 2479 1138 2509 et
1163 2474 1365 2515 emanandas,
1390 2473 1566 2505 nullatenus
1591 2482 1735 2515 compre-

1033 2539 1047 2564 1
1068 2538 1138 2565 Male
1158 2536 1223 2564 edit.
1243 2536 1322 2564 Main.
1342 2535 1406 2571 legit
1420 2535 1597 2564 resultantia
1611 2534 1647 2570 (n.
1663 2535 1712 2569 ¹12).

1732 149 1778 174 An.
1801 148 1828 173 (ἶ.
1851 147 1914 174 41651
