2107 3142
9 170 59 199 An.
73 169 103 197 C.
122 169 189 197 1627

33 1765 124 1787 Pontifex
147 1767 185 1787 liss-

5 1792 84 1813 :nicam
105 1793 127 1813 S.
141 1792 184 1813 Ma-

101 1819 184 1840 Maioris

7 1845 115 1872 praecipue
135 1846 185 1867 atte-

6 1873 40 1893 ctu
47 1873 185 1899 prosequitur.

797 171 1005 195 INNocrNrttts
1029 171 1047 195 X

1074 172 1121 195 ΓΡ.

203 222 316 258 menta,
332 227 367 250 ae
385 217 445 250 alia
465 227 681 262 quaecumque
704 221 879 252 necessaria
902 220 937 251 att
955 223 957 252 t
973 221 1048 252 dens
1074 220 1188 252 utilitas
1213 225 1380 261 accrescat,
1406 225 1554 264 quantum
1574 220 1603 251 in
1622 220 1710 253 nobis

202 269 395 313 praedictam
427 270 554 303 missam
584 271 738 304 submissa
764 283 838 305 voce
863 284 940 316 quo-

202 323 276 357 tidie
292 323 512 357 celebrandam
539 324 591 357 in¹
614 325 697 358 dicto
717 326 807 358 altari
829 326 938 360 beatae

201 376 316 409 Mariae
330 377 477 420 Virginis,
492 384 530 418 et,
549 379 573 411 si
592 379 708 413 dictum
723 380 820 412 altare
845 379 940 423 impe-

202 429 300 462 ditum
321 431 425 471 suerit,
443 431 474 464 in
500 432 561 464 alio
587 433 676 464 altari
702 433 760 464 sibi
781 433 938 474 beneviso,

202 482 319 526 absque
343 483 407 516 ullo
432 484 667 528 impedimento,
683 496 753 518 cum
779 485 863 517 omni
889 485 940 518 de-

203 535 304 569 centia
339 537 524 578 sufficienti,
549 538 631 571 dieto
655 538 744 580 regio
778 538 939 581 capellano

203 589 374 622 ministrari
406 591 524 630 sacere3
550 596 578 623 et
603 591 628 623 si
654 591 704 632 id,
729 591 776 623 vel
802 591 938 634 aliquam

202 642 269 674 eius
284 644 594 687 partem,capitulum
613 650 643 677 ct
659 654 768 677 omnes
785 644 835 676 alii
854 656 940 688 prae-

202 694 276 727 dicti
299 706 355 728 seu
379 697 603 739 recusaverint,
622 697 765 740 hancque
789 697 941 730 fundatio-

202 757 273 780 nem
306 754 336 781 ct
371 749 493 791 singula
524 761 580 793 per
611 750 728 784 dictum
760 751 938 794 Philippum

202 810 309 842 regem
339 806 482 845 utsupra
505 802 653 846 disposita
678 813 740 836 non
764 804 940 846 acceptare-

202 852 275 893 rint,
292 863 347 886 seu
361 853 421 886 illis
441 856 614 898 acceptatis
632 855 729 889 dictas
747 861 809 889 tres
830 856 939 889 missas

201 905 231 937 in
249 907 411 949 praedicto
436 909 525 941 altari
554 909 664 942 Beatae
690 909 841 955 Virginis
863 910 939 943 solc-

205 959 319 992 mniter
343 971 405 994 non
431 961 674 1002 decantaverint,
692 962 830 1006 haecque
841 963 938 996 etalia

201 1014 306 1045 omnia
320 1019 459 1057 utsupra
472 1014 607 1047 stabilita
617 1025 679 1048 non
690 1016 937 1059 adimpleverint,

201 1066 232 1099 in
257 1068 397 1111 quolibet
421 1078 457 1100 cx
482 1068 606 1101 casibus
630 1069 798 1112 praedietis
823 1070 935 1113 Hispa--

200 1120 324 1153 niarum
349 1120 417 1163 regi
442 1132 501 1164 pro
526 1127 668 1165 ternpore
693 1122 836 1155 existenti
863 1123 938 1155 libe-

200 1184 272 1207 rum
303 1174 343 1206 sit
373 1167 468 1207 totam
501 1175 581 1207 hanc
614 1175 850 1216 fundationem,
884 1187 937 1209 seu

201 1227 267 1260 eius
291 1232 423 1271 partem,
448 1228 486 1260 ad
511 1228 558 1261 sui
584 1228 718 1269 libitum,
739 1240 755 1261 a
780 1230 938 1262 canonicis

199 1281 379 1325 praeposito
404 1287 434 1314 et
456 1282 563 1324 priore
599 1292 653 1314 seu
686 1282 875 1325 cappellanis
909 1288 938 1315 et

199 1333 269 1367 aliis
292 1334 460 1377 praedictis
485 1335 618 1375 auferre,
636 1335 784 1377 illamque
808 1335 838 1367 in
863 1336 955 1374 alias,

199 1386 267 1430 pias
280 1387 488 1428 fundationes,
502 1387 738 1430 applicationes,
753 1387 936 1430 dotationes,

199 1439 368 1473 electiones
391 1440 421 1472 in
447 1440 530 1473 dicta
554 1440 693 1479 basilica,
718 1451 771 1473 seu
797 1442 936 1484 cappella

200 1492 286 1525 Pauli
311 1493 344 1533 V,
366 1503 419 1526 sen
445 1493 522 1526 alios
546 1493 614 1536 pios
638 1504 713 1526 usus
736 1494 836 1527 dictae
861 1494 939 1526 basi-

199 1545 288 1586 licae,
309 1556 364 1579 seu
388 1547 506 1579 cultum
531 1546 631 1579 dictae
658 1547 766 1579 lle-atae
793 1547 937 1589 Virginis,

199 1598 332 1632 arbitrio
355 1599 427 1632 dicti
459 1599 553 1642 regis,
571 1600 688 1643 absque
717 1601 777 1632 alia
802 1601 936 1634 licentia.

200 1653 258 1685 sub
282 1653 399 1686 eisdem
425 1658 478 1686 aut
501 1654 570 1686 aliis
594 1653 743 1686 oneribus
760 1654 842 1687 dicto
871 1656 935 1697 regi

200 1706 293 1738 etiarn
312 1706 477 1746 benevisis,
493 1712 700 1739 transmutare
715 1713 743 1739 et
759 1709 936 1740 transferre:

243 1760 258 1803 ξ
283 1760 334 1793 13.
353 1761 414 1793 Nos
430 1760 536 1802 igitur,
555 1761 672 1803 regiam
700 1761 847 1804 praedicti
868 1761 937 1793 l’lii—

200 1813 276 1856 lippi
301 1813 384 1856 regis
409 1813 638 1855 liberalitatem,
665 1824 817 1857 suamquc
836 1814 938 1857 piissi-

201 1876 283 1898 mam
308 1866 535 1907 intentionem,
560 1872 593 1899 ut
616 1878 712 1910 snpra
744 1867 936 1910 dispositam,

199 1919 372 1962 plurimum
397 1919 429 1952 in
454 1920 587 1953 Domino
612 1920 883 1960 commendantes,
909 1926 937 1953 et

199 1973 239 2006 ob
252 1973 443 2016 singularem
462 1973 569 2017 quam2
585 1984 660 2017 erga
680 1974 793 2007 dictam
814 1975 935 2007 Beatam

200 2026 358 2069 Virginem
385 2031 415 2059 et
438 2026 628 2070 praedictam
654 2027 812 2059 basilicam
840 2029 936 2071 (quae

199 2081 262 2112 una
283 2089 319 2112 ex
336 2079 598 2123 patriarchalibus
616 2080 707 2112 Urbis
724 2080 862 2113 ecclesiis
878 2081 937 2113 exi-

199 2133 261 2173 stit,
277 2133 463 2176 illarumque
477 2133 624 2166 omnibus
649 2144 683 2166 ac
700 2134 769 2166 aliis
792 2134 938 2177 plurimis
954 2145 955 2152 ¹

199 2185 382 2230 privilegiis,
407 2186 674 2229 praeeminemus,
694 2187 833 2227 indultis,
859 2188 938 2219 t'aro-

199 2238 286 2271 ribus
302 2244 332 2272 et
349 2239 458 2281 gratiis
478 2239 603 2279 fruitur,
623 2241 741 2282 potitur
759 2245 787 2272 et
808 2240 936 2283 gaudet)

200 2291 340 2334 gerimus
354 2292 527 2325 devotionis
543 2292 700 2332 allectum,
719 2298 747 2325 et
764 2296 797 2326 nt
813 2293 883 2324 illae
900 2293 936 2325 ad

200 2344 338 2377 debitum
375 2344 469 2377 finem
506 2344 739 2388 perducantur,
764 2345 937 2388 exindeque

199 2397 299 2431 dictae
314 2397 461 2431 basilicae
484 2398 513 2431 S.
533 2398 645 2430 Mariae
666 2397 790 2430 Maioris
808 2398 938 2441 eiusque

200 2450 350 2485 ministris
378 2457 440 2484 tam
465 2461 598 2494 magnus
623 2451 717 2484 decor
734 2456 860 2495 tamque
877 2452 936 2484 evi-

236 2521 248 2546 1
266 2522 416 2557 praeposit.
434 2522 463 2548 in
479 2521 602 2549 addimus
622 2529 653 2548 ex
673 2521 790 2549 Cherub.
808 2522 844 2557 (n.
859 2522 908 2557 T.).

234 2565 251 2593 2
269 2565 362 2601 Aptius
380 2566 470 2594 forsan
490 2566 627 2602 legeretur
647 2574 729 2601 quem
750 2566 786 2601 (a.
807 2567 856 2601 τ.).

973 278 1027 312 est,
1038 273 1211 316 cooperari⁷
1224 274 1379 316 simulque
1393 273 1635 317 propensionem
1650 273 1712 304 ani-

974 325 1013 357 mi
1039 326 1137 358 nostri
1160 337 1235 367 erga
1260 327 1376 359 dictum
1398 327 1576 370 Philippum
1603 336 1709 369 regem

973 379 1032 412 hoc
1056 389 1136 411 novo
1162 379 1339 412 testimonio
1364 380 1538 423 patefacere
1563 380 1710 419 volentes,

973 443 1008 465 ac
1041 433 1232 475 capitulum,
1265 433 1449 472 canonicos,
1475 433 1710 476 praepositum,

974 485 1111 528 priorem
1124 486 1362 527 Bernardinum,
1377 486 1577 519 beneficiatos
1589 486 1711 529 cappel-

975 538 1060 570 lanos
1084 543 1114 570 et
1138 538 1297 571 ministros
1323 539 1513 579 huiusmodi,
1538 549 1711 582 eorumque

974 591 1150 633 singulares
1175 602 1335 635 personas,
1361 604 1379 624 a
1403 592 1565 635 quibusvis
1590 602 1712 626 excom-

975 644 1209 686 municationis,
1239 646 1452 688 suspensionis
1480 649 1509 678 et
1540 645 1711 683 interdicti,

974 697 1105 740 aliisque
1135 699 1353 731 ecclesiasticis
1378 699 1549 736 sententiis,
1573 699 1712 730 censuri<

974 755 1003 781 et
1027 751 1145 793 poenis,
1171 762 1187 783 a
1213 752 1279 783 iure
1305 752 1350 783 rel
1377 752 1414 783 ab
1440 752 1577 793 homine,
1603 752 1712 795 quavis

973 805 1139 837 occasione
1164 806 1209 837 rel
1236 807 1328 837 (rausa
1354 805 1433 841 latis,
1457 805 1613 848 siquibus
1639 816 1713 848 qno-

975 857 1142 890 modolihet
1169 858 1305 890 innodati
1332 858 1476 897 existunt,
1502 858 1538 890 ad
1567 858 1711 890 et‘t‘ectum

974 911 1184 954 praesentium
1203 911 1362 943 dumtaxat
1380 911 1644 954 eonscthndum,
1662 911 1713 943 lia-

975 975 1043 996 rum
1069 964 1150 997 serie
1179 964 1375 996 absolventes
1407 969 1437 997 et
1462 964 1621 997 absolutos
1646 966 1712 996 l'ore

973 1022 1155 1056 censentes,
1181 1027 1303 1049 law-non
1334 1027 1606 1060 quarumcumque
1632 1017 1709 1048 alia-

974 1080 1042 1101 rum
1065 1069 1213 1101 siu‘iiliuin
1240 1070 1287 1101 rel
1313 1070 1511 1102 dissimilium
1534 1070 1713 1113 applicatio-

972 1133 1047 1155 num
1080 1122 1163 1155 dicto
1200 1123 1336 1166 capitulo
1374 1123 1524 1156 hactenus
1559 1124 1710 1155 saetarum

974 1181 1107 1215 tenores,
1132 1186 1166 1208 ac
1192 1176 1309 1216 datmn,
1335 1181 1403 1216 ete,
1420 1176 1634 1219 praesentibus
1654 1186 1711 1219 pro

969 1229 1127 1272 expressis
1152 1229 1311 1269 habentes,

1016 1283 1030 1325 ξ
1053 1282 1098 1315 tt.
1118 1283 1199 1315 Motu
1219 1283 1359 1326 proprio,
1374 1289 1401 1315 et
1417 1294 1453 1315 ex
1475 1285 1559 1316 emta
1581 1283 1709 1316 scientia

973 1337 1089 1375 nostra,
1110 1346 1144 1368 ac
1162 1336 1199 1367 dc
1224 1336 1412 1379 apostolicae
1437 1336 1598 1379 potestatis
1616 1337 1712 1379 pleni-

974 1389 1087 1429 tudine,
1109 1389 1321 1432 supradictam
1340 1390 1423 1421 mille
1442 1390 1707 1431 octingentorum,

973 1443 1031 1474 iam
1058 1448 1091 1475 ut
1117 1444 1294 1485 praefertur
1328 1443 1479 1475 reservari
1506 1454 1709 1476 concessam.

972 1506 1065 1539 super
1090 1507 1169 1539 qua,
1195 1501 1228 1527 ut
1253 1496 1346 1528 etiam
1372 1495 1563 1538 accepimus,
1588 1495 1710 1527 litterae

972 1549 1159 1591 apostolicae
1179 1549 1316 1581 nondum
1332 1549 1494 1592 expeditae
1514 1554 1594 1588 sunt,
1615 1559 1710 1591 super

972 1602 1071 1633 «lictae
1097 1611 1221 1634 mensae
1236 1601 1420 1644 episcopalis
1434 1601 1658 1640 Mazzariensis,
1679 1612 1710 1633 e-

973 1654 1044 1685 tiam
1067 1654 1206 1695 alteram,
1228 1654 1393 1697 pensiones
1408 1664 1526 1685 annuas
1544 1658 1573 1685 et
1595 1663 1710 1696 perpe-

973 1712 1039 1739 tuas
1064 1707 1203 1749 (suisque
1235 1707 1273 1738 ab
1299 1706 1381 1738 onnii
1408 1707 1550 1747 decima,
1576 1708 1707 1749 quarta,

973 1759 1075 1791 inediti
1109 1765 1138 1790 et
1169 1759 1277 1802 quavis
1311 1759 1371 1791 alia
1413 1760 1569 1791 fruetuum
1595 1765 1705 1802 parte,

972 1813 1110 1845 subsidio
1144 1813 1236 1845 etiam
1270 1813 1455 1845 (ἥκῃ-11111110
1483 1817 1511 1846 et
1543 1818 1709 1853 excusato,

971 1877 1006 1898 ac
1031 1876 1230 1909 quocumque
1255 1866 1315 1897 alio
1341 1871 1401 1898 tani
1428 1865 1588 1898 ordinario
1616 1876 1709 1909 quam

971 1919 1220 1952 extraordinario
1245 1929 1340 1951 onere
1365 1919 1601 1961 ‹pioniodolibet
1625 1930 1707 1951 nun-

971 1978 1094 2016 cupato,
1115 1973 1222 2016 quavis
1254 1972 1448 2012 anctoritate,
1473 1978 1503 2004 et
1534 1983 1569 2005 ex
1602 1973 1710 2015 quavis

971 2028 1063 2058 eausa
1089 2025 1213 2067 urgenti
1240 2031 1269 2057 et
1295 2026 1528 2067 urgentissima,
1543 2026 1634 2058 etiam
1661 2037 1711 2058 nc-

971 2080 1106 2112 cessario
1132 2079 1346 2122 exprimemla,
1372 2085 1402 2110 et
1426 2090 1483 2123 pro
1509 2080 1709 2122 reparatione

971 2144 1005 2165 ac
1024 2132 1140 2164 tatu-tea
1160 2132 1304 2165 basilicae
1320 2132 1471 2176 Principis
1485 2134 1707 2176 Apostolorum

971 2186 1008 2218 dc
1035 2186 1129 2225 Urbe,
1156 2186 1294 2218 cruciata
1320 2188 1487 2227 saneti-,m
1512 2186 1709 2228 expeditione

971 2245 1079 2272 contra
1112 2240 1227 2271 'l’ureas
1265 2244 1295 2271 et
1330 2239 1406 2271 alios
1445 2239 1504 2271 tidev
1538 2239 1709 2272 catholicae

972 2293 1086 2334 hostes,
1105 2303 1140 2325 ae
1161 2303 1217 2335 pro
1236 2292 1404 2325 seminario
1422 2303 1593 2335 puerorum
1615 2293 1710 2324 eccle-

971 2345 1117 2385 siastico,
1150 2346 1376 2378 sustentatione
1411 2351 1436 2377 et
1477 2345 1709 2377 mamiteutione

971 2398 1077 2431 classis
1097 2398 1284 2438 triremium,
1302 2409 1384 2430 nunc
1404 2397 1639 2441 quomodolibet
1658 2397 1710 2428 im—

971 2452 1089 2495 positis,
1115 2457 1144 2483 ct.
1176 2463 1234 2494 pro
1267 2457 1407 2493 tempore
1436 2462 1471 2482 ex
1497 2452 1591 2483 etius&
1615 2451 1708 2483 ctiam

970 2505 1169 2548 quantumris
1194 2504 1390 2547 privilegiata
1415 2509 1445 2536 et
1465 2504 1502 2536 dc
1526 2504 1710 2537 necessitate

971 2558 1172 2601 exprimenda
1191 2557 1398 2600 inmoncndis,
1415 2557 1535 2590 etiamsi
1558 2557 1588 2590 in
1613 2557 1710 2602 impo-

1620 162 1682 195 57Ἱο
1730 173 1765 197 An
1789 171 1817 197 r..
1842 172 1907 198 iat-1

1773 443 1786 463 A
1816 444 1909 465 censuris

1726 470 1795 490 absol»
1803 471 1824 491 tt.

1787 1293 1861 1313 uva-rt
1869 1294 1910 1313 vitio

1728 1322 1857 1345 1t·?:l*itttlttltt.
