2107 3142
131 162 179 188 Aa.
195 160 226 187 C.
250 160 319 188 18⁴6
362 152 432 184 454
915 158 1094 182 Buccamuu

335 208 381 241 ris
409 208 590 252 capacitatis
624 212 653 240 et
690 216 879 247 mensurae,
911 216 983 238 cum
1017 205 1081 237 suis

336 260 460 294 iuribus
485 265 515 293 et
540 259 739 303 pertinentiis
766 259 944 298 universis;
969 258 1082 290 fratres

337 324 416 346 vero
439 313 477 345 de
501 312 707 345 Observantia
738 311 857 344 habere
881 311 1015 344 debeant
1039 310 1083 343 vi-

334 376 429 399 neam
453 365 624 405 maiorem,
648 370 754 408 prata,
781 365 898 409 sylvas,
919 375 955 397 ac
979 369 1083 397 cetera

332 419 420 452 bona
444 418 568 451 stabilia
591 418 631 451 ad
654 418 773 450 dictum
803 423 992 451 conventum
1018 427 1084 450 san-

336 476 407 504 ctae
430 471 545 504 Mariae
558 471 654 504 modo
671 471 852 515 spectantia,
872 470 992 514 pariter
1012 480 1082 502 cum

341 535 453 557 eorum
484 524 639 556 universis
664 524 787 556 iuribus
811 528 841 556 et
864 523 1084 566 pertinentiis,

340 588 376 610 ac
400 577 494 609 etiam
521 579 583 609 una
613 587 684 609 cum
711 576 838 619 antiqua
864 576 997 609 ecclesia
1022 576 1083 608 iam

342 630 494 663 derelicta
522 630 579 663 sub
607 630 699 663 titulo
725 631 754 663 S.
786 630 946 663 Francisci
978 629 1009 662 in
1038 631 1085 662 ea-

342 684 414 716 dem
437 683 560 716 civitate
581 683 731 716 existente
751 693 786 716 ac
811 682 1019 727 eleemosynis
1039 693 1086 715 sa-

339 747 414 770 crae
439 737 695 779 congregationis
720 737 757 769 de
783 736 989 780 propaganda
1012 736 1086 768 Fide

335 791 555 833 restauranda,
568 801 638 823 cum
653 801 751 834 parvo
762 790 899 834 hospitio
912 790 950 823 ad
964 801 1087 823 eorum-

336 843 413 876 dem
436 843 570 876 fratrum
599 843 824 876 habitationem
856 843 937 875 infra
968 853 1085 875 annum

340 897 389 930 vel
417 897 579 929 biennium
609 897 648 929 ad
675 907 836 929 summurn
865 896 1086 933 construendo.

340 950 471 991 Romae,
496 950 546 983 die
571 960 649 984 xxv1
674 950 807 983 ianuarii
833 959 983 984 uncxcvl.

694 1021 731 1053 M.
756 1020 846 1055 Card.
871 1021 1042 1054 Gmmws.

390 1100 474 1133 Loco
498 1101 522 1143 -ξ-
547 1100 650 1142 sigilli.

413 1180 450 1212 H.
463 1180 732 1224 Arcbiepiscopus
752 1180 957 1221 Patracensis,
973 1180 1088 1214 Seorec.

185 1281 264 1300 Petitur
280 1286 287 1299 t
299 1286 329 1299 »n-

143 1307 236 1327 eratio
264 1312 329 1331 stpra

145 1334 196 1354 diti·
210 1334 282 1354 decret
295 1347 302 1353 ,

390 1268 405 1311 ἓ
429 1268 458 1300 lt.
480 1268 555 1301 Cum
576 1273 693 1308 autem,
710 1268 790 1300 sicut
807 1268 916 1300 eadem
934 1268 1090 1312 expositio

346 1321 567 1363 subiungebat,
582 1321 684 1354 dictus
700 1321 886 1354 Franciscus
906 1322 1090 1364 praemissa,

344 1385 409 1417 quo
429 1373 553 1406 firmius
573 1373 743 1406 subsistant
768 1379 798 1406 et
822 1374 960 1406 exactius
982 1374 1090 1406 obser-

344 1430 468 1466 ventur,
486 1426 676 1469 apostolicae
695 1432 821 1459 nostrae
841 1426 1092 1459 confirmationis

345 1479 524 1523 patrocinio
556 1479 747 1511 communiri
777 1490 980 1523 summopere
1011 1480 1092 1512 desi-

347 1533 449 1566 deret:

393 1586 408 1629 §
432 1586 461 1618 5.
487 1586 609 1619 Idcirco
633 1597 700 1626 nos,
726 1586 872 1618 eumdem
890 1585 1092 1619 Franciscum

350 1639 537 1683 specialibus
567 1639 728 1672 favoribus
752 1645 782 1672 et
806 1639 915 1682 gratiis
943 1640 1094 1683 prosequi

349 1693 499 1733 volentes,
519 1696 550 1726 ct
569 1703 586 1724 a
610 1692 773 1735 quibusvis
798 1692 1093 1725 excommunicatio-

348 1746 407 1788 nis,
426 1746 640 1789 suspensionis
660 1750 690 1779 et
710 1747 878 1787 interdicti,
895 1747 1027 1790 aliisque
1045 1758 1095 1780 ec-

352 1799 534 1831 elesiasticis
560 1799 732 1839 sententiis,
755 1800 896 1832 censuris
922 1805 951 1832 et
975 1800 1094 1843 poenis,

348 1863 365 1885 a
390 1853 458 1885 iure
485 1853 530 1885 vel
556 1853 595 1884 ab
620 1853 769 1894 homine,
795 1854 905 1897 quavis
930 1854 1094 1886 occasione

348 1907 396 1938 vel
423 1908 517 1938 causa
542 1906 630 1946 latis,
661 1907 686 1939 si
719 1907 833 1949 quibus
858 1906 1095 1950 quomodolibet

353 1959 520 1991 innodatus
538 1959 650 1999 existit,
664 1959 701 1991 ad
718 1959 864 1992 effectum
882 1960 1095 2002 praesentium

353 2012 515 2044 dumtaxat
533 2012 800 2054 consequendum,
818 2012 930 2044 barum
948 2013 1028 2044 serie
1046 2013 1096 2044 ab-

351 2066 508 2098 solventes
540 2069 570 2098 ct
602 2065 781 2098 absolutum
815 2066 880 2098 fore
913 2072 1095 2106 censentes,

352 2118 638 2161 supplicationibus
662 2118 744 2150 illius
768 2119 896 2151 nomine
923 2119 1013 2151 nobis
1038 2130 1093 2151 su-

356 2182 412 2214 per
437 2172 498 2203 hoc
523 2171 685 2203 humiliter
710 2173 864 2215 porrectis
890 2172 1046 2211 inclinati,

197 2234 338 2270 consu-uasat
398 2226 414 2268 ἓ
438 2226 467 2257 (j.
494 2224 659 2257 Decretum
685 2225 925 2267 praeiusertum,
943 2237 1013 2257 cmn
1035 2236 1098 2258 om-

167 2266 324 2308 5532222'g;4:j²·¹·
355 2278 449 2310 nibus
471 2283 501 2309 et
521 2278 651 2319 singulis
677 2278 706 2309 in
732 2289 768 2310 eo
794 2279 956 2319 contentis,
974 2282 1098 2321 aposto-

357 2332 416 2363 lica
443 2332 639 2372 auctoritate,
661 2335 767 2364 tenore
782 2331 1005 2375 praesentium,
1026 2342 1099 2363 con-

355 2385 520 2417 firmamus
534 2390 563 2417 et
576 2385 798 2428 approbamus,
814 2385 919 2427 illique
939 2384 1098 2416 inviolabi-

358 2437 395 2468 lt<
421 2438 612 2481 apostolicae
638 2438 794 2470 firmitatis
812 2437 909 2469 robur
927 2438 1101 2477 atliirimus,

359 2501 394 2521 ac
421 2502 529 2523 omncs
565 2497 593 2522 et
631 2491 772 2533 singulos
806 2495 866 2523 tam
894 2490 969 2522 iuris
1006 2502 1119 2533 quam„

358 2543 430 2575 sacti
456 2545 604 2580 defen-tus,
630 2545 654 2575 si
681 2545 733 2587 qui
759 2544 894 2587 desuper
919 2544 1097 2587 quomodo-

1118 157 1273 181 nouatum
1867 155 1915 183 An.
1936 156 1965 183 C.
1990 157 2061 184 ¹646

1115 204 1191 238 libet
1220 204 1456 244 intervenerint,
1485 204 1678 248 supplemus,
1703 203 1788 236 salva
1811 208 1858 236 ta-

1117 267 1188 289 men
1214 267 1340 300 semper
1364 257 1550 290 auctoritate
1573 256 1757 290 eorumdem
1782 267 1855 289 car-

1116 310 1279 342 dinalium.

1161 364 1177 406 §
1194 362 1222 395 7.
1241 363 1451 395 Decernentes
1472 368 1654 405 praesentes
1671 363 1791 397 litteras
1809 373 1860 395 va·
1945 378 2060 400 mausum,

1117 415 1206 455 lidas,
1223 415 1333 448 firmas
1356 419 1386 447 et
1410 414 1552 447 efficaces
1572 415 1706 448 existere
1729 420 1760 448 et
1781 415 1861 456 sore,
1875 405 2059 433 ⁹¹³⁰⁵⁰‘'³²¹'³''

1118 479 1255 512 suosque
1271 467 1431 512 plenarios
1449 473 1479 499 et
1493 467 1632 509 integros
1653 467 1782 501 effectus
1799 479 1863 501 sor-

1118 522 1169 554 tiri
1184 526 1214 554 et
1233 521 1388 561 obtinere,
1405 526 1437 553 et
1452 520 1490 553 ab
1511 521 1658 553 omnibus
1675 526 1705 553 et
1720 521 1862 564 singulis,

1118 585 1197 618 quos
1230 574 1301 606 illae
1333 578 1530 606 concernunt
1557 579 1588 605 et
1616 579 1807 606 concernent
1833 575 1863 606 in

1118 629 1271 668 futurum,
1295 626 1518 660 inviolabiliter
1546 632 1576 659 et
1604 626 1790 660 inconcusse
1806 627 1862 660 ob-

1119 681 1254 722 servari,
1280 681 1388 724 sicque
1415 690 1472 723 per
1500 682 1718 724 quoscumque
1745 680 1865 714 iudices

1120 734 1298 767 ordinarios
1323 739 1352 766 et
1376 733 1554 775 delegatos,
1579 733 1671 766 etiam
1697 743 1863 766 causarum

1120 787 1226 831 palatii
1258 786 1422 830 apostolici
1454 787 1636 827 auditores,
1664 786 1797 820 iudicari
1830 798 1865 820 ac

1121 839 1246 872 definiri
1270 840 1397 880 debere,
1413 850 1450 872 ac
1467 839 1593 872 irritum
1611 845 1641 872 et
1660 840 1752 873 inane
1779 840 1866 883 quid-

1122 893 1197 936 quid
1221 903 1312 926 sccus
1336 903 1432 936 super
1456 892 1505 925 his
1529 903 1546 924 a
1571 903 1742 936 quoquam,
1758 893 1867 936 quavis

1122 946 1319 985 auctoritate,
1344 946 1480 978 scienter
1504 946 1553 978 vel
1577 946 1771 988 ignoranter,
1796 955 1869 978 con-

1122 999 1230 1042 tigerit
1254 999 1410 1033 attentari.

1168 1053 1182 1096 ’ᾗ
1210 1051 1239 1085 8.
1266 1053 1335 1085 Non
1362 1051 1560 1085 obstantibus
1592 1051 1868 1085 constitutionibus

1123 1110 1153 1138 et
1177 1105 1431 1138 ordinationibus
1455 1105 1647 1148 apostolicis,
1667 1115 1703 1138 ac
1721 1105 1795 1139 dicti
1815 1105 1869 1138 Or-

1123 1159 1215 1199 dinis,
1229 1159 1322 1191 etiam
1339 1159 1527 1198 iuramento,
1540 1158 1780 1191 confirmatione
1796 1169 1868 1202 apo-

1124 1212 1245 1252 stolica,
1260 1213 1308 1244 vel
1326 1212 1435 1255 quavis
1455 1212 1604 1244 firmitate
1621 1211 1680 1244 alia
1698 1212 1866 1251 roboratis,

1124 1266 1246 1297 statutis
1260 1268 1289 1298 et
1302 1264 1592 1304 consuctudinibus,
1605 1264 1779 1308 privilegiis
1794 1276 1868 1308 quo-

1124 1329 1195 1362 que,
1216 1319 1345 1351 indultis
1365 1322 1394 1351 et
1414 1318 1527 1350 litteris
1546 1318 1727 1361 apostolicis
1742 1319 1774 1350 in
1791 1329 1867 1350 cou-

1124 1372 1257 1404 trarium
1275 1372 1524 1415 praemissorum
1543 1371 1781 1414 quomodolibet
1796 1382 1870 1404 con-

1125 1424 1232 1465 cessis,
1258 1425 1464 1464 confirmatis,
1484 1424 1665 1467 approbatis
1689 1430 1720 1456 et
1743 1424 1870 1457 innova-

1125 1478 1180 1517 tis;
1205 1478 1319 1521 quibus
1344 1477 1491 1510 omnibus
1514 1482 1544 1509 et
1568 1477 1716 1519 singulis,
1741 1477 1870 1509 illorum

1126 1537 1252 1563 tenores
1277 1531 1496 1574 praesentibus
1520 1541 1578 1574 pro
1602 1531 1694 1573 plene
1720 1533 1750 1563 et
1778 1530 1867 1563 suffi-

1127 1585 1246 1618 cienter
1275 1585 1432 1628 expressis
1458 1596 1494 1616 ae
1518 1584 1556 1616 ad
1581 1585 1715 1617 verbum
1744 1584 1870 1617 insertis

1128 1639 1300 1678 habentes,
1325 1638 1386 1670 illis
1414 1638 1490 1670 alias
1519 1638 1548 1669 in
1577 1648 1634 1670 suo
1659 1637 1774 1670 robore
1798 1647 1871 1681 per-

1129 1692 1296 1732 mansuris,
1313 1692 1350 1724 ad
1371 1691 1618 1735 praemissorum
1639 1690 1796 1733 effectum,
1813 1690 1872 1723 hac

1128 1745 1195 1777 vice
1215 1745 1386 1785 dumtaxat,
1407 1745 1585 1787 specialiter
1602 1749 1632 1776 et
1652 1754 1798 1786 expresse
1819 1743 1871 1776 de-

1129 1808 1295 1840 rogamus,
1329 1798 1506 1840 ceterisque
1537 1797 1704 1830 contrariis
1735 1797 1869 1840 quibus-

1129 1861 1275 1893 cumque.

1172 1904 1283 1936 Datum
1302 1904 1430 1943 Romae,
1446 1902 1528 1945 apud
1543 1902 1571 1934 S.
1592 1902 1730 1943 Petrum,
1749 1901 1807 1933 sub
1824 1912 1875 1933 an-

1129 1958 1203 1989 nulo
1225 1957 1414 1996 piscatoris,
1439 1956 1489 1987 dic
1518 1966 1558 1988 xx
1579 1955 1688 1997 aprilis
1712 1965 1851 1988 MDchvi
1866 1982 1873 1995 ‚

1128 2011 1329 2053 pontificatus
1349 2009 1449 2041 nostri
1471 2020 1553 2041 anuo
1571 2019 1602 2041 11.

1909 1067 2020 1089 Contraria
2035 1073 2067 1088 ro-

1883 1097 1960 1116 movet.

1167 2073 1223 2098 liat.
1242 2073 1284 2098 die
1300 2072 1335 2098 ‘20
1350 2072 1441 2106 aprilis
1460 2072 1536 2105 1646,
1558 2071 1652 2106 pontif.
1672 2080 1742 2097 anne
1759 2078 1785 2097 n.

1468 2242 1541 2273 LXI.

1132 2331 1195 2364 Dal
1219 2331 1407 2374 facultatem
1430 2330 1642 2372 uzaqislrultci
1661 2334 1689 2361 el
1709 2329 1877 2371 Reipubli-

1177 2396 1230 2416 cae
1243 2385 1432 2425 Russusimte
1445 2383 1559 2415 ‘utendi
1575 2394 1630 2413 ser
1648 2382 1794 2413 millium
1809 2393 1875 2415 scu-

1180 2441 1283 2469 torum
1303 2437 1337 2468 in
1354 2440 1455 2469 certus
1469 2436 1668 2479 protu'st'oues·
1687 2434 1845 2468 bellicas¹,

1171 2555 1178 2577 1
1207 2552 1241 2578 Ex
1263 2552 1369 2587 llegvst.
1392 2552 1417 2578 iu
1438 2552 1542 2578 Secret.
1565 2551 1641 2577 Brev.
