2107 3142
19 204 68 232 An.
89 204 117 232 C.
135 204 202 232 1640

41 1109 154 1130 contrariis
165 1109 199 1130 dc-

19 1138 85 1161 rogat.

62 2564 203 2594 'transumptis

22 2590 80 2614 erodi·
92 2591 158 2617 iubet.

817 199 957 224 URBANUS
982 199 1038 224 vm
1062 200 1108 224 PP.

214 258 400 295 possumus,
432 252 607 293 opportune
639 247 806 292 providere
835 248 944 281 volen-

215 309 270 344 tes,
297 303 334 335 de
359 302 584 335 venerabilium
610 302 743 334 fratrum
766 306 947 334 nostrorum

213 357 282 390 SR.
294 356 326 389 E.
345 356 549 389 cardinalium
574 355 700 398 negotio
725 354 948 398 Propagandae

214 408 298 442 Fidei
323 409 501 441 huiusmodi
527 408 780 452 praepositorum
806 407 946 449 consilio,

213 461 428 505 superioribus
454 461 678 504 cuiuscumque
707 459 849 499 Ordinis,
874 459 947 493 reli-

213 513 323 557 gionis,
348 513 609 556 congregationis
634 513 805 553 societatis,
830 517 883 545 aut
907 512 948 545 in-

213 567 326 608 stituti,
352 567 409 599 sub
433 567 541 610 poenis
565 566 748 610 privationis
772 565 946 598 officiorum

213 624 244 653 et
266 620 351 653 vocis
375 619 492 653 activae
516 625 546 652 et
568 619 709 664 passivae
740 629 774 651 ac
806 618 948 650 inhabili-

213 672 283 705 tatis
307 672 345 704 ad
369 682 414 715 ea,
435 672 604 715 apostolica
625 671 820 711 auctoritate,
840 676 948 704 tenore

214 725 434 769 praesentium,
448 725 662 768 prohibemus,
686 735 725 757 ne
750 724 947 765 monasteria,

214 784 403 819 conventus,
433 778 560 820 domos,
589 779 774 820 seminaria,
799 778 947 821 collegia,

213 831 356 875 hospitia,
382 842 436 865 seu
459 831 597 865 oratoria
621 832 677 864 suh
700 832 789 864 titulo
814 831 851 864 de
876 831 949 863 Pro-

213 884 357 928 paganda
389 884 463 918 Fide
494 889 676 918 construant
713 889 765 917 aut
806 884 948 927 erigant,

214 937 262 970 vel
292 947 310 969 a
341 937 404 971 suis
435 937 566 970 subditis
605 937 744 970 construi
786 942 839 969 aut
870 936 948 979 erigi

213 990 407 1034 permittant,
432 990 498 1022 sine
522 990 647 1034 speciali
672 989 855 1024 eorumdem
880 999 948 1022 car-

215 1043 363 1076 dinalium
388 1043 522 1076 licentia.

258 1097 273 1140 ξ
302 1096 330 1129 t.
355 1097 423 1129 Non
453 1096 646 1130 obstantibus
679 1095 948 1130 constitutionibus

215 1154 244 1182 et
275 1149 523 1183 ordinationibus
553 1149 749 1193 apostolicis,
775 1159 809 1182 ac
838 1149 948 1182 cuius-

215 1212 347 1246 cumque
372 1201 508 1244 Ordinis,
533 1202 708 1245 religionis,
733 1202 949 1245 congregatio-

214 1255 271 1295 nis,
285 1255 440 1289 societatis
454 1260 484 1288 et
496 1255 637 1297 instituti,
653 1256 746 1289 etiam
762 1256 948 1295 iuramento,

215 1308 450 1342 confirmatione
474 1308 658 1351 apostolica,
684 1309 732 1341 vel
757 1309 864 1352 quavis
888 1309 949 1341 tir-

215 1361 319 1395 rm'tate
343 1361 403 1393 alia
428 1361 591 1403 roboratis,
612 1361 734 1395 statutis
759 1367 788 1394 et
812 1372 948 1395 consue-

214 1414 389 1455 tudInibus,
414 1414 585 1457 privilegiis
608 1425 744 1458 quoque,
770 1415 895 1448 indultis
919 1420 949 1448 et

215 1467 323 1501 litteris
347 1467 535 1510 apostolicis,
550 1467 607 1501 sub
631 1468 882 1512 quibuscumque
906 1473 950 1501 te-

214 1520 344 1553 noribus
361 1525 391 1552 et
406 1519 526 1559 formis,
543 1530 581 1553 ac
596 1530 668 1552 cum
685 1520 847 1563 quibusvis
856 1522 948 1553 etiam

215 1572 487 1614 derogatoriarum
514 1572 731 1614 derogatoriis,
756 1573 886 1616 aliisque
910 1575 968 1614 es-‚

216 1625 414 1658 sicacioribus
438 1631 468 1657 et
492 1625 623 1658 insolitis
647 1625 803 1668 clausulis,
830 1626 950 1659 irritan-

217 1677 361 1721 tibusque
385 1682 414 1710 et
438 1677 506 1710 aliis
529 1677 680 1717 decretis,
706 1677 736 1710 in
765 1688 879 1720 genere
901 1680 968 1712 vel*

218 1730 248 1762 in
269 1729 382 1773 specie,
401 1739 436 1762 ac
453 1730 527 1762 alias
544 1729 575 1761 in
591 1731 782 1763 contrarium
803 1731 951 1775 praemis-

217 1793 323 1815 sorum
348 1782 582 1826 quomodolibet
606 1783 769 1825 concessis,
789 1784 951 1817 confirma-

217 1834 254 1867 tis
278 1839 308 1867 et
330 1834 500 1874 innovatis;

258 1879 274 1930 ξ
298 1886 326 1919 2.
352 1887 469 1926 Quibus
489 1887 644 1930 omnibus,
663 1889 783 1921 etiamsi
808 1899 867 1932 pro
892 1891 950 1923 sus-

215 1940 330 1973 ticienti
362 1950 472 1973 eorum
504 1940 705 1983 derogatione
738 1942 775 1974 de
806 1942 866 1975 illis
896 1953 948 1976 eo-

216 2004 350 2037 rumque
368 1994 438 2028 totis
453 1994 611 2028 tenoribus
625 1995 779 2038 specialis,
793 1996 949 2039 specifica,

216 2057 361 2090 expressa
393 2052 423 2079 et
454 2047 628 2087 individua,
653 2058 688 2080 ac
717 2048 755 2080 de
782 2049 878 2082 verbo
911 2050 949 2082 ad

216 2099 360 2139 verbum,
384 2110 446 2133 non
469 2105 573 2133 autem
598 2111 653 2145 per
679 2102 832 2134 clausulas
856 2112 950 2145 gene-

216 2152 296 2185 rales
320 2152 401 2185 idem
429 2153 643 2197 imponantes,
669 2155 786 2187 mentio
811 2154 949 2188 facienda

216 2210 306 2246 esset,
331 2209 383 2239 aut
407 2206 509 2249 aliqua
533 2206 593 2239 alia
617 2207 767 2251 exquisita
787 2207 887 2240 forma
913 2209 948 2241 ad

216 2258 276 2291 hoc
295 2259 445 2291 servanda
469 2260 558 2299 soret,
576 2260 701 2293 illorum
722 2266 846 2294 tenores
866 2272 951 2304 prae-

216 2310 353 2343 sentibus
373 2322 430 2355 pro
454 2313 544 2356 plene
568 2318 597 2345 ct
621 2313 811 2346 sufficienter
828 2324 950 2357 expres-

216 2363 257 2396 sis
288 2363 457 2405 habentes,
486 2365 546 2398 illis
579 2365 654 2398 alias
686 2365 717 2398 in
748 2377 804 2399 suo
836 2367 951 2400 robore

216 2417 444 2460 permansuris,
463 2418 500 2451 ad
524 2418 770 2461 praemissorum
796 2419 951 2462 effectum,

217 2469 392 2513 specialiter
417 2475 446 2503 et
470 2480 615 2514 expresse
636 2471 845 2514 derogamus,
872 2477 951 2505 cete-

217 2522 321 2566 risque
345 2523 509 2556 contrariis
533 2524 794 2568 quibuscumque.

261 2576 276 2619 ἓ
298 2575 327 2609 3.
353 2577 502 2609 Volumus
534 2582 655 2617 autem,
678 2583 712 2610 ut
739 2580 951 2621 praesentium

317 2638 393 2666 Ruti.
408 2639 491 2667 Rom.
504 2655 536 2659 ·—
556 2640 614 2667 Vot.
633 2640 692 2667 XV.
853 2641 869 2667 9

982 248 1202 292 transumptis,
1228 248 1320 281 etiam
1350 247 1528 291 impressis,
1553 257 1646 280 manu
1671 256 1725 280 sez‘

982 300 1108 333 cretarii
1132 301 1383 344 congregationis
1403 300 1558 333 dictorum
1583 299 1720 333 cardina-

982 352 1058 384 lium
1083 352 1120 385 de
1138 353 1344 396 Propaganda
1369 354 1443 386 Fide
1460 353 1508 385 vel
1532 353 1645 386 notarii
1666 364 1720 396 pu-

981 404 1056 438 blici
1082 405 1275 448 subscriptis,
1290 410 1319 439 et
1343 405 1446 448 sigillo
1472 405 1621 450 praefecti
1650 415 1719 439 con-

982 458 1173 501 gregationis
1201 458 1381 491 huiusmodi
1420 460 1467 492 vel
1500 469 1652 503 personae
1687 459 1719 492 in

982 511 1131 554 dignitate
1158 510 1367 544 ecclesiastica
1399 511 1583 544 constitutae
1615 511 1719 545 muni-

982 564 1029 605 tis,
1048 563 1155 597 eadem
1176 574 1308 607 prorsus
1328 563 1405 596 fides
1425 563 1618 605 adhibeatur,
1639 575 1719 608 quae

982 616 1185 649 adhiberetur
1209 616 1436 659 praesentibus,
1461 616 1486 648 si
1511 617 1612 649 forent
1636 617 1720 650 exhi-

982 669 1063 701 bitae
1087 669 1134 701 vel
1158 673 1310 702 ostensae.

1025 722 1136 754 Datum
1153 722 1280 762 Romae,
1297 721 1379 765 apud
1393 721 1421 754 S.
1440 721 1577 764 Petrum,
1595 722 1653 754 sub
1669 732 1720 755 an-

982 775 1056 808 nulo
1088 775 1276 815 Piscatoris‚
1305 775 1354 807 die
1378 785 1432 808 xm
1462 775 1565 808 martii
1594 784 1719 812 MDCXL,

983 828 1184 872 pontificatus
1200 828 1299 861 nostri
1318 838 1399 861 anno
1417 837 1494 862 xvn.

1018 889 1076 916 Dat.
1094 889 1138 916 die
1155 890 1187 917 13
1203 889 1291 916 martii
1310 889 1388 923 1640,
1404 889 1499 925 pontif.
1517 897 1586 917 anno
1602 896 1665 917 xvu.

1026 986 1124 1019 Anno
1148 996 1168 1018 a
1186 986 1360 1019 nativitate
1376 986 1511 1019 Domini
1527 987 1631 1020 nostri
1647 988 1722 1021 Iesu

985 1039 1108 1075 Christi
1131 1049 1250 1079 lunen,
1275 1040 1453 1074 indictione
1472 1050 1548 1082 vm,
1574 1041 1627 1074 die
1650 1052 1721 1075 vero

984 1102 1058 1125 xxlv
1082 1094 1200 1126 mensis
1223 1094 1354 1134 martii,
1380 1094 1591 1137 pontificatus
1615 1100 1721 1128 antem

982 1146 1182 1179 sanctissimi
1216 1146 1342 1180 (tantini
1371 1148 1475 1180 nostri
1506 1147 1632 1181 domini
1666 1149 1719 1181 di-

982 1201 1058 1233 vina
1088 1200 1294 1244 providentia
1328 1201 1454 1234 Urbani
1480 1202 1592 1245 Papae
1623 1202 1721 1244 VIII,

982 1264 1068 1286 anno
1089 1255 1158 1286 eius
1182 1264 1259 1294 xvii,
1282 1255 1508 1297 snpradictmn
1529 1256 1629 1288 Breve
1654 1256 1723 1298 affi-

981 1317 1059 1339 „rum
1078 1312 1106 1339 et
1120 1307 1322 1350 publicatum
1338 1308 1402 1350 fuit
1419 1307 1460 1339 ad
1477 1307 1587 1340 rati-as
1601 1309 1722 1349 curiae,

982 1361 1018 1393 in
1042 1360 1111 1393 acie
1137 1360 1252 1403 Campi
1273 1360 1402 1401 Florae,
1423 1371 1458 1393 ac
1475 1360 1553 1393 aliis
1580 1361 1656 1394 Iocis
1679 1372 1724 1394 so-

984 1413 1052 1446 litis
1080 1418 1108 1446 et
1136 1413 1293 1446 consuetis
1321 1414 1437 1453 Urbis,
1466 1425 1524 1457 per
1550 1425 1599 1447 nte
1622 1415 1723 1448 Anto-

983 1467 1077 1499 nium
1090 1465 1240 1499 Bardum
1255 1466 1436 1509 praelibati
1455 1467 1656 1501 sanctissimi
1674 1467 1724 1500 do-

983 1520 1068 1552 mini
1092 1519 1195 1552 nostri
1218 1519 1330 1562 Papae
1354 1529 1526 1553 cursorem.

1296 1642 1414 1675 DCXCI.

987 1712 1195 1754 Confirmatio
1216 1712 1333 1745 decreti
1357 1723 1377 1745 a
1400 1714 1558 1756 inaqistro
1578 1715 1725 1757 qenerali

1031 1764 1165 1798 Ordinis
1195 1765 1227 1798 S.
1256 1765 1399 1808 Spiritus
1426 1766 1464 1799 de
1492 1777 1646 1800 consensu
1674 1778 1725 1800 vo—

1030 1818 1154 1851 calium
1178 1818 1258 1850 dicti
1283 1818 1420 1851 Ordinis
1442 1819 1531 1861 facti,
1555 1830 1618 1863 qno
1641 1831 1725 1853 cave-

1029 1876 1102 1912 tur,
1129 1881 1169 1903 ne
1192 1871 1281 1904 ullas
1305 1872 1516 1915 imposterum
1541 1873 1577 1905 in
1603 1872 1725 1906 Ordine

1029 1924 1218 1957 huiusmodi
1240 1923 1446 1965 admittatur,
1470 1926 1538 1957 nisi
1554 1926 1650 1969 prius
1667 1936 1725 1969 per

1028 1978 1220 2010 continuum
1243 1987 1370 2010 annum
1397 1978 1513 2011 salleni
1544 1979 1580 2011 in
1612 1979 1724 2023 aliquo

1027 2030 1294 2074 archilcospitalis
1307 2031 1337 2064 S.
1355 2030 1500 2074 Spiritus
1517 2031 1554 2064 de
1570 2032 1651 2065 Urbe
1667 2033 1725 2065 mi-

1027 2083 1161 2117 nisterio
1177 2093 1208 2116 se
1226 2083 1440 2116 landabiliter
1458 2084 1598 2127 qesserit.

1188 2153 1324 2180 Urbanus
1346 2153 1425 2187 Papa
1442 2154 1521 2186 vm,

1125 2197 1162 2225 ad
1182 2198 1316 2225 futuram
1340 2198 1384 2225 rei
1404 2197 1583 2225 memoriam.

1031 2260 1071 2292 lix
1098 2259 1237 2292 iniuncto
1258 2259 1348 2293 nobis
1369 2260 1533 2304 pastoralis
1550 2260 1643 2293 officii
1661 2270 1725 2293 mu·
1767 2267 1888 2288 Exordium-

985 2323 1059 2346 nere
1080 2313 1127 2345 liis
1152 2323 1232 2356 quac
1252 2324 1309 2357 pro
1330 2313 1552 2355 religiosorum
1577 2322 1725 2356 quorum-

986 2366 1060 2400 libet
1093 2371 1173 2400 statu
1208 2376 1360 2410 prospero
1396 2365 1560 2408 dirigendo
1594 2365 1725 2408 provide

986 2423 1097 2453 statuta
1122 2424 1151 2452 et
1175 2419 1317 2452 ordinata
1342 2424 1422 2459 sunt,
1448 2424 1481 2451 ut
1505 2418 1725 2452 inviolabiliter

987 2477 1160 2513 serventur,
1174 2472 1336 2516 apostolici
1354 2472 1476 2505 roboris
1493 2471 1657 2505 adiicimus
1673 2472 1725 2504 fir-

987 2526 1145 2565 mitatem,
1169 2530 1265 2569 prout
1296 2524 1506 2569 conspicimus
1534 2525 1566 2558 in
1589 2525 1720 2558 Domino

987 2577 1154 2612 salubriter
1178 2577 1334 2621 expedire.

1643 189 1685 224 65
1733 197 1783 226 An.
1803 197 1832 226 C.
1850 197 1919 226 1640
