2107 3142
122 231 172 258 An.
190 231 220 258 c.
240 230 307 257 teia
354 222 418 254 280

324 289 382 311 nos
414 280 511 311 t'rater
545 277 692 310 doniinus
724 277 835 310 Petrus
865 287 883 309 a
907 277 936 310 S.
963 277 1076 310 Iacobo

326 332 379 365 litet
413 337 444 364 ct
474 336 600 363 sanctae
632 329 720 363 Sedis
744 330 944 373 Apostolicae
975 330 1076 373 gratia

326 384 496 427 episcopus
520 383 717 416 Celsonensis
741 391 771 416 et
796 383 903 426 regius
928 384 1074 416 consilia-

327 437 409 478 rius,
443 436 577 469 scientes
606 441 636 468 et
660 436 876 476 attendentes,
909 436 1074 469 occasione

326 490 563 533 ‹piamplurium
583 495 612 521 et
633 489 830 522 diversarum
848 489 963 531 litium,
981 500 1074 533 quae-
1091 509 1092 513 =

327 543 466 576 ¹<tionum
495 548 524 575 et
555 542 864 584 controversiarum,
889 554 969 587 quae
994 543 1092 576 interi

329 606 387 639 pro
418 601 563 640 tempore
595 596 762 628 existentes
793 596 1075 629 reverendissimos

328 650 473 683 dominos
484 651 650 694 episcopos
660 650 923 694 praedecessores
937 658 1074 691 nostros,
1091 673 1092 681 i

327 716 364 736 :tc
389 704 562 747 capitulum
583 710 612 737 et
634 704 803 737 canonicos
826 709 953 738 nostrae
978 705 1076 738 ecclc-

328 757 391 789 siac
416 757 606 789 cathedralis
638 757 834 790 Celsoncnsis
859 768 955 801 super
979 758 1093 799 iuris-3

328 809 466 842 dictione
491 810 669 851 criminali,
694 810 938 854 praetendentes
965 802 1093 844 contra?

328 863 429 896 dictos
454 864 623 897 canonicos
648 869 678 896 ct
702 864 905 908 capitulares,
924 869 995 896 orta
1013 864 1093 912 fue-¹

328 921 402 948 runt
427 927 541 959 magua
566 916 733 956 scandala,
762 922 792 949 et
822 917 907 960 quod
937 917 1093 959 graviter

329 969 499 1002 dolendum
517 976 563 1002 est
579 969 684 1002 divina
704 970 807 1002 officia
824 970 952 1013 publica
969 975 999 1002 et
1012 970 1075 1014 pri·
1091 984 1093 1006 ς

331 1028 417 1061 rata,
444 1033 554 1066 pacem
580 1028 610 1055 ct
634 1022 772 1066 quietem
798 1023 900 1056 dictae
924 1023 1093 1074 ecclcsiae1

330 1076 546 1118 perturbatam
578 1087 665 1117 esse,
697 1088 732 1110 ac
758 1077 789 1109 in
822 1077 888 1110 dies
913 1076 1021 1120 *magis
1046 1076 1093 1115 et}

331 1129 432 1172 magis
458 1130 649 1173 perturbari,
665 1130 695 1162 in
721 1141 869 1172 magnum
896 1130 993 1163 divini
1014 1131 1076 1164 cul-

331 1188 379 1214 tus
405 1182 630 1216 detrimentum
649 1190 679 1217 et
696 1184 936 1227 praeiudicium,
958 1194 994 1217 ac
1012 1189 1074 1216 tam
1092 1194 1094 1217 ι

331 1236 482 1269 laicorum
516 1247 612 1280 quam
643 1238 867 1280 religiosorum
893 1237 1075 1270 scandalum

331 1289 553 1332 phirimoi‘um,
579 1296 609 1323 et
633 1291 773 1323 volentes
798 1291 940 1324 omnium
965 1291 1075 1323 liuius-

331 1342 415 1375 modi
436 1342 668 1376 discordiarum
687 1344 885 1377 occasionem
903 1350 1076 1388 amputare,
1093 1347 1094 1380 ἕ

332 1395 497 1439 litiumque
514 1402 544 1429 ct
560 1396 788 1430 dissentionum
808 1397 950 1430 flammas
975 1403 1005 1429 ct
1026 1388 1094 1429 an-1

331 1452 466 1491 fractus,
492 1461 575 1494 quae
606 1451 719 1483 dubios
754 1457 783 1483 et
816 1451 919 1485 tristes
950 1451 1094 1495 pariunt*

330 1509 470 1544 eremus,
485 1504 680 1546 extinguere,
699 1505 779 1544 ideo,
805 1515 864 1548 pro
888 1505 974 1538 bono
991 1505 1076 1548 pacis

331 1561 359 1589 et
386 1557 584 1599 concordiae,
603 1568 638 1590 ac
655 1558 731 1590 alias
748 1558 786 1589 ad
811 1558 997 1601 petitionem
1015 1558 1076 1589 t'ra-
1092 1554 1095 1568 ’

332 1615 416 1642 trum
442 1615 626 1643 nostrorum
655 1610 763 1643 decani
782 1616 811 1643 et
825 1610 953 1654 capituli
975 1607 1094 1649 dictae}

331 1663 493 1704 ccclesiae,
512 1669 621 1696 tenore
635 1664 809 1707 praesentis
826 1664 945 1708 publici
963 1665 1076 1696 instru-
1092 1655 1094 1716 i

332 1716 429 1749 menti
455 1717 575 1749 cunctis
599 1717 797 1760 temporibus
821 1717 947 1749 valituri
966 1723 996 1750 ct
1020 1717 1093 1761 ‹lu-j

332 1771 443 1810 raturi,
469 1770 696 1812 consensimus,
721 1776 930 1814 nostrumque
944 1781 1093 1816 consen-¹

332 1834 460 1856 >cusum
492 1823 612 1866 pariter
636 1829 666 1856 et
691 1834 854 1856 assensum
878 1829 1093 1869 praestamus

330 1883 357 1909 ct
386 1877 498 1910 damus
523 1877 561 1909 ad
586 1877 766 1921 petendum,
792 1878 1026 1921 impetrandum
1047 1879 1093 1911 et*

331 1929 539 1962 obtinendum
566 1940 582 1962 a
608 1930 804 1963 sanctissimo
833 1934 863 1964 et
894 1931 1093 1971 beatissimo¹

331 1983 461 2016 domino
478 1981 588 2016 nostro
606 1984 737 2017 domino
756 1985 837 2028 Papa
863 1984 993 2028 eiusque
1011 1995 1077 2017 san-
1092 1984 1093 2023 Ξ

331 2040 379 2069 cta
400 2037 479 2070 Sede
503 2038 683 2081 Apostolica
709 2038 993 2077 confirmationem,
1009 2049 1093 2081 gra-2

332 2092 406 2123 tiam
434 2096 460 2124 ct
488 2091 650 2124 decretum
676 2092 838 2124 electionis
863 2092 894 2124 in
919 2092 1077 2135 principio

331 2145 501 2177 cuiuslibet
521 2145 591 2177 anni
617 2145 753 2177 duorum
771 2145 992 2178 adiunctorum
1022 2155 1094 2178 seut

332 2198 534 2231 ‹zouiudicum
568 2198 789 2241 capitularium
804 2204 932 2231 catenus
948 2199 979 2231 in
994 2199 1077 2231 dicto

332 2251 472 2295 capitulo
503 2251 689 2284 observatae
721 2256 751 2283 et
783 2252 931 2295 deinceps
955 2251 1074 2285 sacien-

332 2305 389 2337 dac
416 2305 513 2347 (itaut
537 2304 620 2337 circa
645 2309 808 2348 capturam
834 2305 1075 2347 canonicorum⁷

333 2358 621 2401 praebendatorum
654 2362 684 2389 et
719 2357 941 2400 capitularium
978 2358 1077 2392 dictae

333 2412 495 2452 ecclesiae,
521 2416 551 2445 et
574 2422 742 2455 processus
767 2411 947 2444 criminales
967 2417 1078 2445 contra

333 2466 417 2509 ipsos
446 2476 504 2510 per
520 2476 578 2499 nos
602 2470 632 2498 et
657 2475 855 2498 successores
879 2470 1005 2498 nostros
1031 2476 1095 2498 cas

332 2520 446 2553 uonicc
472 2520 625 2552 intrantes
650 2524 775 2552 nostros
807 2524 838 2551 et
872 2529 983 2552 eorum
1010 2519 1078 2552 offi-

333 2572 428 2605 ciales
446 2578 472 2605 et
494 2573 628 2606 vicarios
649 2572 813 2615 generales
829 2571 999 2613 faciendos,
1016 2582 1079 2605 ser-

333 2630 423 2660 vetur
448 2626 612 2669 dispositio
630 2626 709 2659 sacri
736 2625 865 2658 convitii
891 2625 1077 2667 Tridentini,

920 229 1099 253 BULLARIUM
1125 229 1279 253 ROMANUM

1111 282 1142 309 et
1177 277 1439 311 constitutionum
1483 280 1687 313 laudabilium
1726 285 1854 314 catenus

1111 330 1141 361 in
1167 329 1258 363 dictis
1291 331 1424 364 ecclesia
1449 337 1479 364 et
1503 333 1643 376 capitulo
1668 333 1853 367 observata-

1110 383 1206 427 rum),
1223 388 1254 416 et
1277 394 1337 427 pro
1363 384 1532 427 praedictis
1558 386 1704 419 omnibus
1729 393 1758 420 et
1783 388 1852 420 sin—

1109 437 1191 479 gulis
1215 437 1327 470 damus
1341 443 1371 470 ct
1384 439 1585 472 concedimus
1603 451 1675 473 cum
1694 442 1853 484 praesenti

1108 490 1235 533 publico
1266 490 1478 524 instrumento
1506 492 1685 526 facultatem
1710 500 1740 526 et
1764 499 1854 538 pote-

1109 547 1219 575 statem
1246 543 1386 587 syndico,
1403 545 1502 578 actori
1528 551 1558 578 et
1582 547 1783 589 procuratori
1807 548 1853 580 di-

1109 595 1150 628 cti
1175 596 1316 640 capituli,
1334 597 1480 630 videlicet
1494 608 1554 641 pro
1570 599 1660 631 nobis
1681 605 1711 632 ct
1726 601 1854 633 nomine

1108 655 1217 683 nostro
1235 651 1367 694 parendi
1388 662 1495 684 coram
1522 652 1720 686 sanctissimo
1738 658 1769 686 et
1784 654 1856 687 bea-

1110 703 1232 737 tissimo
1257 704 1386 737 domino
1410 710 1520 738 nostro
1545 705 1673 739 domino
1698 706 1797 750 Papa,
1823 714 1853 740 ct

1109 755 1273 799 quibusvis
1298 758 1366 790 aliis
1389 769 1527 801 persona
1550 769 1606 792 seu
1632 761 1787 802 personis,
1815 761 1854 793 ad

1109 820 1186 853 quas
1211 810 1366 853 pertineat
1390 816 1421 844 et
1445 816 1573 855 spectet,
1591 813 1854 858 supplicandique

1109 862 1252 905 proinde,
1270 869 1426 906 quatenus
1438 865 1543 897 omnia
1561 870 1591 897 et
1608 865 1731 908 singula
1748 877 1855 910 supra-

1110 916 1212 958 dicta,
1239 922 1269 949 et
1293 917 1391 949 dictas
1416 918 1590 951 laudabiles
1615 920 1854 954 constitutiones

1110 970 1211 1002 dictae
1237 971 1388 1003 ecclesiae
1413 976 1443 1003 ct
1467 972 1598 1015 capituli
1624 973 1798 1016 roborare,
1819 985 1854 1007 ac

1110 1034 1167 1057 suo
1204 1024 1368 1068 ipsiusque
1396 1025 1485 1058 Sedis
1511 1026 1711 1069 Apostolicae
1743 1029 1851 1060 muni-

1111 1077 1194 1110 mine
1212 1082 1242 1109 et
1259 1077 1386 1111 decreto
1404 1078 1596 1112 confirmare
1613 1079 1770 1122 dignetur,
1782 1091 1856 1124 sup-

1111 1131 1262 1174 plereque
1297 1141 1407 1164 omncs
1440 1136 1470 1164 et
1501 1132 1642 1175 singulos
1680 1138 1741 1165 tam
1777 1134 1856 1166 iuris

1110 1194 1205 1228 quam
1230 1185 1301 1217 sacti
1328 1185 1478 1225 desectus,
1494 1186 1518 1218 si
1547 1186 1600 1229 qui
1625 1186 1731 1219 forsan
1757 1187 1856 1220 inter-

1112 1243 1264 1270 venerunt
1281 1239 1311 1270 in
1329 1238 1458 1279 eisdem,
1473 1244 1502 1271 et.
1515 1239 1622 1272 omnia
1635 1240 1694 1272 alia
1712 1240 1855 1282 faciendi,

1111 1290 1242 1333 gerendi
1266 1296 1297 1324 et
1321 1292 1498 1333 exercendi,
1517 1302 1596 1335 quae
1620 1293 1658 1325 ad
1679 1293 1807 1336 plenam
1827 1299 1857 1328 et

1111 1344 1326 1377 omnimodam
1343 1345 1593 1388 praemissorum
1611 1347 1855 1389 exequutionem

1111 1397 1180 1430 fieri
1198 1398 1403 1441 requirantur
1427 1399 1504 1441 (non
1518 1398 1714 1432 obstantibus
1729 1400 1857 1443 quibus-

1111 1462 1247 1495 cumque
1276 1452 1553 1485 constitutionilms
1588 1453 1794 1496 apostolicis,
1826 1459 1856 1488 et

1111 1505 1180 1537 aliis
1196 1515 1276 1548 quae
1290 1504 1384 1548 exigi¹
1402 1506 1553 1549 possent),
1573 1511 1603 1539 et
1623 1517 1682 1550 pro
1706 1509 1858 1550 praemis-

1111 1558 1152 1589 sis
1170 1568 1387 1601 quascumque
1404 1559 1649 1602 supplicationes
1666 1560 1769 1593 eidem
1789 1571 1858 1593 san-

1111 1610 1251 1644 ctissimo
1276 1611 1404 1644 domino
1419 1618 1530 1645 nostro
1549 1613 1648 1656 Papae
1664 1618 1694 1646 et
1707 1613 1775 1646 aliis
1791 1615 1858 1657 qui-

1111 1664 1220 1697 busvis
1245 1665 1390 1708 personis
1405 1669 1434 1698 ct
1458 1665 1545 1707 locis,
1563 1666 1678 1709 quibus
1701 1666 1856 1710 expediat,

1110 1717 1214 1758 dandi,
1225 1718 1378 1751 offerendi
1393 1722 1422 1752 et
1435 1719 1666 1761 praesentandi,
1678 1724 1708 1752 et
1721 1730 1773 1752 eas
1786 1730 1857 1763 pro-

1111 1771 1227 1811 videri,
1259 1771 1381 1813 datari‚
1411 1772 1475 1804 sive
1501 1773 1681 1815 subsignari
1706 1773 1855 1816 petendi,

1110 1825 1307 1868 supplicandi
1339 1831 1369 1858 ct
1400 1825 1583 1866 obtinendi,
1614 1827 1856 1870 litterarumque

1110 1879 1358 1922 apostolicarum
1402 1890 1677 1923 quarumcumque
1719 1880 1856 1924 desuper

1111 1932 1380 1965 conficiendarum
1406 1932 1597 1976 expeditioni
1625 1933 1855 1975 consentiendi,

1111 1990 1141 2018 ct
1165 1989 1290 2019 nostros
1308 1996 1528 2029 quoscumque
1545 1996 1711 2029 expressos
1727 1995 1857 2018 consen-

1111 2049 1163 2071 sus
1190 2039 1309 2082 paritcr
1333 2044 1363 2071 et
1382 2049 1528 2071 assensus
1545 2038 1735 2082 praestandi,
1751 2038 1856 2071 iuran-

1110 2092 1205 2135 dique
1226 2093 1257 2124 in
1274 2092 1410 2124 animam
1436 2097 1576 2125 nostram
1602 2102 1660 2135 per
1683 2092 1854 2125 Dominum

1110 2145 1220 2185 Deum,
1238 2150 1268 2177 et
1293 2145 1359 2178 eius
1384 2150 1491 2177 sancta
1515 2148 1652 2188 quatuor
1675 2145 1855 2187 Evangelia,

1111 2198 1196 2243 quod
1217 2198 1248 2231 in
1268 2198 1449 2242 praemissis
1465 2208 1528 2231 non
1552 2198 1731 2239 intervenit,
1747 2208 1806 2231 nec
1823 2198 1855 2230 in

1111 2252 1250 2284 futui‘um
1267 2251 1453 2284 interveniet
1466 2251 1567 2291 dolus,
1580 2251 1676 2293 fraus,
1702 2251 1855 2284 simoniae

1111 2305 1217 2345 labes,
1243 2315 1300 2338 nec
1325 2305 1430 2348 aliqua
1454 2305 1513 2337 alia
1538 2305 1647 2337 illicita
1672 2304 1776 2348 pactio
1800 2313 1856 2336 seu

1112 2359 1302 2402 corruptela.
1322 2359 1354 2390 ln
1379 2369 1515 2402 quorum
1540 2358 1634 2390 fidem
1661 2363 1691 2390 et
1716 2357 1856 2389 testimo-

1112 2412 1199 2444 nium
1232 2422 1381 2456 praesens
1416 2411 1577 2455 publicum
1608 2411 1853 2444 instrumentum

1112 2476 1170 2509 per
1203 2466 1372 2510 loseplium
1410 2465 1517 2498 Pintor
1550 2464 1638 2507 regia
1668 2464 1855 2497 auctoritate

1113 2518 1272 2551 notarium
1308 2518 1470 2562 publicum
1507 2517 1655 2551 Celsonae
1687 2516 1852 2550 infrascri-

1149 2592 1159 2615 4
1191 2589 1258 2621 Quid
1285 2598 1334 2624 pro
1361 2590 1442 2625 exiqi
1467 2589 1614 2624 legendum
1642 2588 1776 2616 coniicere
1803 2596 1855 2615 non

1113 2634 1188 2661 valeo
1208 2637 1245 2660 (a.
1267 2635 1317 2666 r).

1870 235 1917 261 An.
1935 234 1964 260 C.
1986 233 2054 262 1643

2072 0 2090 75 .7.-,{

2094 0 2107 5 3
