2107 3142
28 249 74 276 An.
89 248 117 274 C.
141 247 208 276 1642

49 729 166 752 Clausulas.

74 1737 204 1758 Obstantium

23 1764 139 1790 derogatio.

825 247 965 271 URBANUS
989 247 1037 271 ΓΡ.
1064 246 1118 269 vm

220 302 281 331 tem
306 306 341 330 ac
363 295 613 337 irrevocabilem,
627 296 690 339 qui,
716 295 796 328 infra
820 299 954 339 quatuor

219 360 344 384 menses
368 359 405 382 ex
430 353 502 383 tunc
515 348 739 390 decurrendos,
756 348 884 381 omnino
906 348 955 380 hic

218 403 335 437 Romae
359 402 390 434 in
415 402 604 435 concistorio
638 406 747 434 nostro
775 411 810 434 ac
834 401 866 433 in
890 411 956 433 ma-

218 456 311 489 nibus
334 456 461 496 nostris,
474 455 666 488 inhaerendo
683 456 841 499 praefatae
858 454 956 487 cardi-

217 509 340 541 nalatus
363 514 393 541 et
424 508 505 541 tituli
535 508 734 551 aliorumque
758 507 952 550 praemisso-

217 572 288 594 rum
317 561 492 594 dimissioni
520 567 550 594 et
577 561 710 594 cessioni
742 560 803 592 iam
835 560 954 600 sactae,

218 614 303 646 illam
329 614 390 647 ritu
415 614 507 647 solito
532 619 562 647 et
586 624 657 646 cum
682 612 838 646 consuetis
854 623 956 646 caere-

219 667 333 701 moniis
357 668 512 711 approbet
535 671 565 699 et
588 666 729 699 ratificet.

262 721 278 764 g
302 719 331 753 5.
357 720 538 753 Praesentes
568 730 693 763 quoque
724 719 844 753 litteras
871 724 900 752 et
924 719 955 751 in

219 773 263 806 eis
287 778 433 806 contenta
464 783 681 816 quaecumque
704 773 791 805 nullo
815 782 954 816 unquam

218 831 360 869 tempore
380 826 418 859 de
439 826 661 869 subreptionis,
678 831 731 858 aut
750 825 955 869 obreptionis,

218 879 265 911 vel
281 879 432 912 nullitatis
449 879 534 920 vitio,
551 884 603 912 aut
623 879 803 912 intentionis
819 884 955 919 nostrae,

218 933 265 966 vel
290 933 401 976 quovis
435 933 497 966 alio
531 933 623 966 etiam
652 933 852 976 quantumvis
881 932 954 965 sub-

218 987 353 1019 stantiali
370 986 493 1020 defectu
516 986 629 1026 notari,
647 986 838 1030 impugnari,
852 986 957 1018 redar-

218 1040 281 1082 gui,
299 1045 352 1072 aut
369 1040 399 1072 in
417 1040 464 1073 ius
492 1040 539 1072 vel
556 1040 800 1073 controversiam
816 1039 956 1072 revocari

217 1103 334 1136 posse,
366 1093 472 1136 sicque
503 1103 560 1136 per
591 1103 807 1136 quoscumque
839 1093 957 1125 iudices

218 1146 394 1180 ordinarios
418 1150 448 1180 et
471 1146 645 1188 delegatos,
671 1146 763 1178 etiam
789 1156 955 1179 causarum

217 1199 325 1243 palatii
356 1199 519 1243 apostolici
548 1199 726 1239 auditores,
751 1209 787 1231 ac
808 1199 837 1232 S.
863 1200 896 1232 R.
923 1200 955 1232 E.

218 1251 414 1292 cardinales,
446 1252 538 1285 etiam
572 1252 610 1285 de
635 1253 732 1285 latere
756 1253 896 1295 legatos,
928 1258 958 1285 et

218 1306 346 1348 quosvis
362 1305 440 1338 alios
460 1315 659 1348 quacumque
683 1306 868 1338 auctoritate
892 1306 959 1338 sun-

218 1358 347 1401 gentes,
381 1358 503 1391 sublata
539 1358 584 1391 eis
618 1364 649 1391 et
683 1369 793 1392 eorum
830 1359 959 1392 cuilibet

218 1411 327 1455 quavis
357 1411 447 1444 aliter
479 1411 636 1444 iudicandi
668 1417 698 1444 et
731 1412 958 1455 interpretandi

218 1465 363 1498 facultate
379 1470 409 1498 et
425 1465 620 1504 auctoritate,
639 1464 770 1497 iudicari
788 1470 818 1497 et
835 1465 958 1497 deliniri

219 1518 354 1558 debere,
382 1529 417 1551 ac
453 1518 576 1551 irritum
614 1523 644 1551 et
679 1518 770 1550 inane
805 1518 958 1561 quidquid

219 1582 308 1605 secus
325 1582 421 1616 super
437 1572 485 1604 his
502 1583 518 1604 a
536 1582 710 1615 quoquam,
728 1572 837 1614 quavis
857 1578 960 1605 aucto-

220 1625 321 1665 ritate,
346 1625 481 1658 scienter
505 1626 552 1658 vel
578 1626 769 1667 ignoranter,
791 1625 960 1668 contigerit

220 1678 382 1719 attentari,
408 1678 616 1712 decerninms.

264 1731 279 1774 ἓ
307 1731 337 1765 6.
366 1732 434 1764 Non
466 1732 660 1764 obstantibus
692 1732 894 1775 praemissis,
924 1742 959 1764 ac

220 1784 412 1827 apostolicis,
433 1790 463 1817 et
480 1785 511 1816 in
536 1785 766 1817 universalibus
786 1785 960 1828 provincia-

220 1836 364 1880 libusque
388 1837 529 1870 conciliis
553 1837 654 1876 editis,
678 1838 880 1879 generalibus
911 1838 958 1871 vel

219 1890 418 1933 specialibus,
436 1890 710 1924 constitutionibus
735 1895 764 1924 et
788 1891 959 1924 ordinatio-

219 1943 321 1984 nibus,
339 1943 472 1976 decretis
489 1954 625 1987 quoque,
643 1945 735 1977 etiam
756 1945 960 1978 concistoria-

220 1996 316 2036 libus,
335 1997 448 2040 quibus
464 1998 609 2030 omnibus
627 2004 656 2030 et
673 1998 814 2040 singulis,
832 1998 958 2031 illorum

221 2055 344 2084 tenores
368 2050 584 2094 praesentibus
620 2062 679 2095 pro
708 2052 798 2094 plene
823 2057 853 2084 et
876 2052 959 2085 sulli-

222 2105 339 2136 cienter
364 2105 519 2147 expressis
536 2115 572 2137 ac
592 2104 630 2137 de
648 2106 745 2138 verbo
762 2105 800 2138 ad
828 2106 958 2138 verbum

221 2157 346 2189 insertis
370 2157 530 2198 habentes,
556 2158 593 2190 ad
618 2159 864 2201 praemissorum
890 2159 960 2192 effe-

223 2217 326 2251 ctum,
351 2211 409 2243 liae
437 2211 504 2243 vice
528 2211 705 2251 duratam,
730 2213 906 2256 specialiter
931 2219 960 2245 et

223 2274 369 2307 expresse
386 2264 590 2307 derogamus,
605 2266 780 2309 ceterisque
794 2267 960 2299 contrariis

223 2317 482 2361 quibuscumque.

266 2371 377 2404 Datum
403 2372 533 2412 Romae,
558 2372 638 2415 apud
664 2373 692 2407 S.
718 2373 845 2406 Mariam
871 2374 962 2407 Maio—

223 2435 305 2464 rem,
331 2424 387 2457 sub
412 2426 527 2458 annulo
552 2426 733 2466 piscatoris,
758 2427 808 2459 die
831 2437 893 2460 xxx
914 2428 960 2460 iu-

223 2478 265 2510 nii
291 2487 429 2519 innexui,
454 2479 654 2523 pontificatus
679 2490 760 2512 anno
785 2490 849 2513 xix.

260 2539 316 2567 Dat.
332 2540 376 2568 die
392 2541 425 2569 30
444 2541 510 2569 iunii
528 2542 604 2577 tete,
622 2542 717 2578 pontif.
736 2551 804 2571 anno
821 2551 875 2571 xix.

1637 235 1696 268 191

1307 293 1408 328 DCCL.

992 366 1082 406 Quod
1095 366 1310 398 commissarii
1324 364 1540 409 provinciales
1553 364 1730 398 Indiarum

1032 419 1075 452 ad
1090 419 1236 462 capitula
1252 419 1419 461 qeneratia
1434 417 1569 452 Ordinis
1584 418 1728 462 fratrum

1032 473 1197 505 Minoi-um
1230 471 1448 504 convenientes
1483 471 1551 503 suis
1587 470 1728 504 custodi-

1033 526 1090 558 bus
1106 527 1139 556 in
1159 525 1267 557 labore
1290 529 1319 557 et
1339 523 1487 567 praemio
1505 524 1657 568 aequales
1675 524 1728 557 ha*

1034 578 1170 611 beantur
1184 576 1203 610 ¹„

1192 658 1327 686 Urbanus
1347 658 1426 692 Papa
1445 657 1526 692 vul,

1111 702 1147 730 ad
1167 705 1342 737 perpetuam
1361 701 1405 729 rei
1425 701 1606 730 memoriam,

1034 772 1049 816 §
1072 773 1101 804 «1.
1125 772 1218 811 Alias,
1236 777 1404 816 postquam
1425 771 1564 816 capitulo
1588 772 1728 815 generali

988 827 1121 860 fratrum
1139 826 1262 860 Ordinis
1282 826 1436 859 Minorum
1455 826 1551 859 sancti
1568 825 1727 859 Francisci

989 880 1027 912 de
1054 879 1257 913 Observantia
1291 884 1543 923 nuncupatorum
1578 879 1609 912 in
1645 880 1728 912 alma

990 933 1074 967 Urbe
1091 936 1198 966 nostra
1225 933 1264 965 de
1292 943 1373 966 anno
1391 943 1550 966 Mncxxxlx
1569 932 1728 966 celebrato

990 987 1071 1019 inter
1087 986 1147 1018 alia
1164 991 1313 1018 statutum
1331 986 1398 1027 suit,
1416 986 1643 1019 restituendum
1662 996 1729 1019 esse

991 1039 1142 1072 ministris
1162 1039 1406 1082 provincialibus
1427 1039 1660 1082 provinciarum
1686 1039 1731 1071 ln-

990 1094 1111 1126 diarum
1137 1093 1211 1125 dicti
1236 1092 1361 1125 Ordinis
1380 1093 1544 1136 antiquum
1569 1092 1618 1125 ius
1646 1093 1730 1135 quod

991 1147 1148 1179 habebant
1172 1145 1314 1178 mittendi
1339 1145 1573 1178 commissarios
1593 1145 1630 1178 ad
1652 1146 1731 1190 capi-

992 1200 1091 1232 tulum
1125 1200 1292 1242 generale,
1324 1199 1356 1230 in
1386 1209 1424 1232 eo
1457 1198 1642 1241 suffragium
1674 1209 1732 1232 suo

991 1253 1118 1285 nomine
1135 1253 1263 1291 laturos,
1276 1252 1385 1284 habito
1413 1252 1547 1285 subinde
1563 1256 1732 1296 eapropter

991 1305 1030 1338 ad
1061 1315 1118 1338 nos
1146 1306 1281 1349 desuper
1313 1315 1466 1345 recursu,
1491 1315 1548 1348 per
1578 1305 1729 1348 quasdam

991 1362 1115 1391 nostras
1140 1358 1171 1390 in
1195 1358 1290 1390 simili
1304 1357 1405 1390 soi-ma
1423 1358 1529 1390 Brevis
1546 1358 1676 1399 litteras,
1694 1358 1732 1391 de

992 1411 1102 1444 eodem
1128 1421 1208 1444 anno
1233 1416 1407 1452 emanatas,
1433 1410 1585 1444 ministris
1607 1411 1733 1455 provin-

993 1464 1124 1497 cialibus
1147 1464 1381 1507 provineiarum
1407 1463 1588 1496 earumdem
1614 1468 1687 1497 tunc
1703 1471 1733 1498 et

992 1528 1050 1560 pro
1077 1521 1216 1561 tempore
1241 1518 1458 1557 existentibus,
1481 1518 1564 1560 quod
1589 1517 1627 1550 ad
1652 1518 1733 1562 capi-

994 1571 1093 1603 tulum
1119 1571 1266 1613 generale
1290 1571 1364 1604 dicti
1382 1570 1506 1603 Ordinis
1523 1571 1647 1605 mittere
1664 1582 1733 1615 pos·=

993 1630 1062 1657 sent
1085 1625 1319 1658 commissarios
1339 1625 1412 1657 dicti
1430 1624 1555 1658 Ordinis
1578 1625 1734 1668 professo-

993 1688 1054 1720 res,
1079 1679 1132 1721 qui
1158 1688 1215 1711 suo
1239 1678 1367 1711 nomine
1391 1678 1577 1720 suffragium
1602 1679 1732 1720 ferrent,

993 1732 1166 1775 apostolica
1190 1731 1376 1764 auctoritate
1401 1731 1604 1771 indulsimus,
1629 1733 1666 1764 ea
1687 1737 1732 1764 ta-

994 1795 1065 1818 men
1090 1786 1179 1827 lege,
1205 1790 1238 1817 ut
1264 1791 1325 1817 tam
1350 1785 1559 1818 commissarii
1584 1784 1638 1828 qui
1662 1785 1734 1817 mit-

993 1844 1144 1879 terentur,
1162 1848 1256 1882 quam
1275 1839 1367 1871 etiam
1389 1838 1545 1880 custodes,
1569 1838 1672 1871 forent
1688 1848 1735 1871 ea-

993 1892 1139 1924 rumdem
1160 1892 1395 1935 provinciarum
1421 1892 1594 1935 respective
1612 1892 1667 1925 filii
1686 1893 1734 1926 vel

994 1945 1024 1977 in
1042 1945 1086 1978 eis
1102 1956 1159 1988 per
1176 1945 1358 1978 sexennium
1376 1946 1568 1989 completum
1585 1951 1675 1979 antea
1692 1945 1735 1978 in—

994 1999 1153 2042 corporati
1163 1997 1182 2030 ἵ.

1039 2054 1053 2095 g
1085 2052 1114 2084 ἐξ.
1144 2052 1221 2086 Cum
1254 2058 1358 2085 autern
1390 2063 1526 2096 aequum
1558 2059 1589 2086 et
1620 2053 1734 2088 rationi

994 2111 1238 2138 cousentaneum
1264 2116 1332 2139 esse
1356 2116 1550 2149 censeamus,
1568 2112 1612 2147 ut,
1630 2118 1736 2150 quem=

994 2160 1163 2193 admodum
1186 2161 1316 2204 praefati
1335 2161 1543 2194 commissarii
1562 2161 1735 2205 provincia²

976 2224 1063 2251 irum
1098 2214 1255 2247 ludim-um
1288 2214 1466 2247 huiusmodi
1498 2215 1642 2258 aequales
1670 2215 1734 2247 suis

994 2267 1176 2300 custodibus
1200 2268 1325 2300 labores
1350 2278 1421 2300 curn
1444 2273 1488 2300 tot
1516 2273 1546 2300 et
1574 2267 1665 2299 tantis
1685 2278 1735 2300 nan

995 2322 1189 2365 rigationum
1218 2332 1253 2353 ac
1276 2322 1394 2354 riarum
1422 2321 1569 2365 periculis
1590 2321 1734 2361 subeunt,

995 2375 1037 2408 ita
1061 2375 1223 2409 eiusdem³
1248 2375 1472 2409 commissaliis
1496 2374 1674 2419 praemium
1705 2380 1735 2407 et

1031 2475 1042 2500 1
1067 2473 1105 2500 Ex
1129 2473 1235 2507 Regest.
1260 2473 1285 2499 iu
1308 2472 1407 2498 Secret.
1432 2472 1513 2498 Brev.
1530 2487 1561 2490 -
1577 2471 1617 2499 De
1639 2472 1735 2500 huius=

995 2517 1067 2544 modi
1087 2517 1216 2544 fratribus
1236 2517 1354 2544 lutliauis
1375 2516 1434 2543 vide
1454 2516 1486 2542 ad
1507 2516 1596 2543 Coust.
1618 2523 1734 2552 ncxxiv,

997 2563 1220 2597 Circumspecla,
1237 2570 1298 2596 pag.
1316 2564 1325 2587 1
1346 2561 1424 2587 liuius
1439 2561 1513 2588 tomi.

1031 2608 1046 2632 ⁹2
1066 2606 1133 2633 Vide
1150 2614 1230 2640 supra
1246 2614 1306 2640 pag.
1326 2606 1333 2631 l
1353 2609 1379 2631 ct
1394 2614 1451 2641 seq.
1465 2605 1544 2634 liuius
1555 2606 1619 2635 tomi
1629 2608 1669 2642 (n.
1681 2607 1730 2641 Τ.),

979 2645 981 2677 i
1030 2652 1046 2678 3
1067 2651 1221 2685 legendum
1240 2650 1310 2678 foret
1329 2650 1433 2679 eisdem
1453 2654 1490 2685 tu.
1507 2651 1555 2685 Τ.).

1747 245 1796 272 An.
1811 243 1840 272 C,
1860 244 1930 272 1642

1772 783 1854 804 Caum
1866 783 1929 804 huius

1746 809 1914 831 constitutionis„

1776 2063 1863 2083 Mandat
1871 2066 1933 2088 prout

1751 2091 1771 2111 in
1782 2090 1872 2110 rubrica.
