2107 3142
133 178 180 204 An.
200 177 229 204 C.
250 176 318 204 1654

142 772 256 793 Confirmat
265 777 312 798 pro-

129 802 151 820 ut
162 800 182 820 in
193 798 284 820 rubrica.

187 2531 312 2553 ‹epiut‘rcs

210 2558 213 2569 t

366 169 428 201 772

332 225 519 259 lentioribus
537 225 610 258 dicti
627 225 752 258 Ordinis
770 224 971 257 monasteriis
992 224 1076 256 colli-

331 285 419 322 gunt,
445 279 476 310 in
500 278 634 311 alienam
660 277 790 320 insuper
815 286 960 316 messem,
978 277 1074 309 veluti

331 334 362 366 in
388 332 556 366 electiones
583 342 619 364 ac
643 331 854 375 depositiones
878 330 1022 374 priorum
1044 336 1074 363 et

331 386 535 430 subpriorum
550 413 557 427 ‚
583 386 784 429 aliorumque
809 385 1012 426 officialium,
1038 395 1074 417 ac

331 441 424 474 etiam
449 440 480 472 in
499 439 692 472 visitationes
709 444 739 471 et
756 438 987 472 monachorum
1007 448 1074 471 cor-

329 493 504 533 rectiones,
528 492 640 524 falcem
666 491 791 524 mittere
816 496 1072 534 praesumentes,

330 546 491 589 praedicta
516 545 681 589 privilegia
699 551 728 577 et
745 544 985 578 constitutiones
999 554 1074 588 apo-

330 600 455 633 stolicas
481 598 675 642 contemptui
700 598 817 631 habent
833 597 863 630 in
881 608 977 640 grave
995 597 1074 630 eius-

329 654 400 685 dem
421 652 541 687 Claudii
566 651 687 684 abbatis
703 652 767 685 imo
784 651 924 684 universi
947 650 1072 684 Ordinis

328 707 481 750 praedicti
506 706 624 738 iurium
649 705 890 748 praeiudicium.

373 761 387 803 ξ
412 760 441 792 2.
467 760 568 798 Quare
593 759 675 791 idem
699 758 847 792 Claudius
864 758 960 790 abbas
980 758 1073 790 nohis

328 814 492 846 humiliter
517 812 690 856 supplicari
715 812 797 852 fecit,
823 811 905 843 utin
923 811 1074 854 praemis-

328 868 370 899 sis
394 872 572 910 opportune
604 865 774 909 providere
808 865 847 897 de
878 864 1073 907 benignitate

327 920 502 964 apostolica
519 919 733 962 dignaremur.
751 919 814 952 Nos
834 918 940 961 igitur,
954 918 1071 952 dictum

328 974 491 1009 claudium
516 973 661 1005 abbatem
695 972 884 1016 specialibus
913 971 1073 1005 favoribus

329 1035 356 1061 et
375 1027 485 1071 gratiis
503 1026 654 1070 prosequi
669 1026 818 1067 volentes,
838 1031 896 1058 eta
909 1025 1072 1069 quibusvis

329 1079 674 1121 excommunicationis,
696 1079 913 1122 suspensionis
934 1083 964 1112 et
981 1078 1073 1111 inter-

328 1135 412 1175 dicti,
431 1134 563 1177 aliisque
581 1132 800 1166 ecclesiasticis
817 1131 979 1165 sententiis
1001 1142 1073 1164 cen-

328 1189 410 1221 suris
436 1193 466 1221 et
489 1187 619 1231 poenis,
644 1197 661 1218 a
686 1186 755 1219 iure
787 1186 836 1218 vel
861 1185 900 1218 ab
924 1185 1090 1227 homine,;

329 1242 438 1285 quavis
453 1240 619 1274 occasione
634 1240 680 1272 vel
699 1241 794 1272 caus-21
814 1239 894 1279 latis,
913 1239 938 1271 si
956 1239 1072 1282 quibus

328 1295 568 1338 quomodolibet
593 1293 760 1326 innodatus
785 1293 903 1332 existit,
928 1292 966 1324 ad
991 1292 1069 1325 esse-

328 1356 414 1381 ctum
440 1347 655 1391 praesentium
680 1347 842 1379 dumtaxat
870 1356 1072 1389 consequen-

328 1402 414 1442 dum,
439 1402 553 1434 barum
579 1401 660 1433 serie
683 1400 882 1433 absolventes
899 1405 929 1432 et
950 1400 1073 1432 absolu-

328 1462 394 1487 tum
409 1456 475 1487 fore
489 1460 663 1493 censentes,
677 1452 857 1485 huiusmodi
871 1452 1073 1496 supplicabo·

326 1508 419 1541 nibus
441 1507 592 1547 inclinati,
610 1506 648 1539 de
671 1506 907 1549 praedictorum
928 1505 1073 1538 cardina-

326 1561 404 1593 lium
419 1560 561 1599 consilio,
572 1559 771 1592 inhaerentes
785 1558 1073 1602 praeallegatorum
1089 1580 1091 1589 .

327 1615 532 1648 Summorum
565 1613 753 1646 Pontificum
790 1612 1091 1656 praedecessorum!

327 1674 511 1700 nostrorum
543 1666 718 1710 privilegiis
742 1665 851 1699 Ordini
875 1658 1091 1699 cisterciensi'

327 1720 509 1753 huiusmodi
534 1720 702 1760 concessis,
727 1730 763 1752 ac
787 1719 915 1752 decreto
933 1719 1073 1752 eiusdem

327 1775 409 1807 sacri
426 1773 556 1807 Concilii
569 1773 753 1814 Tridentini,
771 1783 807 1806 ac
827 1772 1073 1806 resolutionibus

326 1828 402 1860 alias
417 1827 554 1870 desuper
570 1827 669 1867 sactis,
686 1827 861 1870 apostolica
877 1826 1072 1866 auctoritate,

327 1888 436 1915 tenore
462 1882 686 1925 praesentium,
704 1881 911 1921 declaramus,
932 1880 1074 1913 decerni-

328 1946 398 1967 mus
423 1946 459 1968 ac
484 1935 651 1967 statuimus
680 1944 744 1967 non
775 1934 871 1967 licere
904 1944 1068 1967 commen-

327 1988 456 2021 datariis
481 1988 615 2031 priores,
640 1987 835 2031 subpriores,
852 1993 906 2019 aut
923 1977 1090 2020 officiales*

329 2042 512 2074 claustrales
538 2042 702 2074 instituere
727 2052 763 2074 ac
787 2042 969 2083 destituere,
999 2041 1089 2088 visi-¹

327 2101 395 2127 tare
416 2095 598 2135 monachos,
620 2095 811 2138 eosdemque
827 2095 999 2137 corrigere,
1014 2104 1089 2137 nec,

327 2149 489 2182 facultates
525 2148 642 2181 eisdem
676 2148 706 2180 in
742 2148 854 2181 litteris
890 2148 1071 2191 apostolicis

327 2212 493 2234 concessas
518 2205 548 2234 et
572 2212 750 2244 expressas,
775 2206 870 2244 prout
894 2211 1008 2244 supra,
1033 2190 1089 2232 ad‘

327 2265 363 2286 ea
388 2265 467 2297 quae
499 2254 675 2287 institutum
697 2255 845 2296 regulare
865 2259 1088 2299 concernunt„

327 2318 373 2346 ac,
389 2313 498 2340 tenore
515 2307 763 2351 praelibatorum
783 2307 1024 2350 privilegiorum
1042 2301 1089 2341 etl

328 2362 409 2393 sacri
435 2362 560 2394 concilii
585 2361 801 2405 dispositione,
826 2361 1001 2394 monastico
1026 2365 1088 2400 [τὲ-ξ

329 2415 439 2457 gimini
465 2415 699 2459 relinquuntur,
725 2414 807 2447 trahi
832 2425 925 2458 posse
950 2426 985 2447 ac
1011 2404 1088 2449 de-ll

328 2469 414 2501 bere.
1086 2502 1088 2511 ,

373 2522 388 2563 ξς
412 2522 442 2553 3.
468 2521 604 2564 Ideoque
636 2521 757 2554 dilectis
790 2522 863 2554 tiliis
899 2522 1016 2555 nostris
1041 2521 1088 2567 et}

329 2575 416 2609 Sedis
433 2575 612 2618 praedictae
633 2576 766 2616 nunciis,
788 2576 852 2609 sive
876 2576 969 2609 etiam
989 2569 1088 2610 loco-l

1088 1433 1090 1448 t

919 177 1098 201 BL'LLARIL'M
1123 178 1277 201 Romanum

1109 235 1179 257 rum
1198 225 1383 266 Ordinariis,
1408 227 1455 259 vel
1481 227 1555 260 dicti
1580 228 1705 262 Ordinis
1723 239 1851 267 conser-

1109 279 1281 320 vatoribus,
1306 290 1363 322 per
1388 280 1514 313 easdem
1538 288 1721 325 praesentes
1745 283 1850 315 iniun-

1108 331 1223 374 gimus,
1237 338 1281 373 ut,
1295 333 1558 377 quotiescumque
1569 336 1711 379 requisiti
1725 337 1851 377 suerint,

1107 385 1146 417 ab
1182 386 1337 419 eiusmodi
1375 386 1592 420 vexationibus
1626 398 1662 421 ac
1695 389 1852 422 violentiis

1108 438 1280 471 manifestis
1304 439 1591 473 commendatarios
1619 451 1677 484 per
1701 452 1852 475 censuras

1107 498 1138 524 et
1161 492 1221 524 alia
1245 492 1322 524 iuris
1347 492 1498 533 remedia,
1515 493 1685 537 implorato
1702 494 1807 535 etiam,
1825 495 1850 528 si

1107 556 1186 589 opus
1211 546 1315 587 suerit,
1341 546 1463 579 brachii
1489 547 1640 580 secularis
1656 548 1783 589 auxilio,
1804 559 1852 582 co-

1107 599 1236 631 hibeant
1261 604 1291 631 et
1316 605 1535 642 compescant,
1561 600 1646 632 salva
1671 611 1796 644 semper
1820 601 1852 633 in

1107 652 1289 695 praemissis
1312 652 1499 685 auctoritate
1524 654 1780 696 congregationis
1802 664 1853 687 eo-

1107 706 1252 739 rumdem
1278 706 1495 740 cardinalium.

1160 760 1174 803 g
1207 759 1236 792 4.
1262 760 1474 792 Decernentes
1515 765 1698 803 praesentes
1729 761 1852 794 litteras

1107 823 1232 856 semper
1247 812 1373 852 validas,
1388 812 1496 845 sirmas
1511 818 1541 845 et
1558 813 1700 846 efficaces
1717 813 1852 848 existere

1107 872 1137 899 et
1152 867 1231 906 sore,
1249 877 1284 899 ac
1302 866 1339 898 ab
1358 866 1516 906 omnibus,
1529 866 1568 898 ad
1585 877 1664 910 quos
1685 872 1805 910 spectat
1821 873 1852 901 et

1106 930 1165 963 pro
1190 925 1335 963 tempore
1361 919 1525 962 spectabit,
1550 919 1772 953 inviolabiliter
1792 920 1850 953 ob-

1107 973 1235 1012 servari,
1261 973 1369 1016 sicque
1396 972 1428 1004 in
1452 972 1562 1005 iisdem
1588 972 1770 1015 praemissis
1795 983 1852 1016 per

1106 1037 1324 1070 quoscumque
1348 1026 1466 1059 iudices
1491 1026 1669 1059 ordinarios
1689 1031 1718 1058 et
1731 1026 1853 1069 delega-

1107 1086 1166 1120 tos,
1176 1081 1268 1113 etiam
1281 1090 1447 1112 causarum
1462 1079 1570 1123 palatii
1583 1079 1749 1123 apostolici
1763 1079 1850 1112 audi-

1107 1140 1201 1175 tores,
1214 1133 1347 1166 iudicari
1361 1139 1391 1166 et
1404 1133 1529 1166 definiri
1542 1133 1668 1173 debere,
1681 1138 1711 1165 et
1724 1132 1851 1166 irritum

1107 1192 1136 1219 et
1160 1186 1252 1219 inane
1277 1186 1430 1229 quidquid
1451 1196 1540 1219 secus
1561 1186 1724 1229 superbis
1741 1196 1759 1218 a
1776 1196 1852 1229 quo-

1088 1235 1090 1245 *
1106 1250 1211 1283 quam,
1226 1240 1335 1283 quavis
1348 1240 1544 1280 auctoritate,
1558 1239 1692 1272 scienter
1704 1239 1751 1271 vel
1766 1239 1852 1282 igno-

1107 1299 1223 1334 ranter,
1249 1294 1417 1336 eontigerit
1440 1293 1596 1326 attentari.

1151 1349 1165 1391 ἓ
1191 1348 1220 1380 6.
1242 1348 1310 1380 Non
1328 1346 1525 1380 obstantibus
1543 1346 1736 1389 praemissis,
1751 1355 1786 1378 ac
1804 1357 1849 1378 re-

1107 1401 1257 1434 colendae
1290 1400 1464 1433 memoriae
1495 1399 1645 1432 Bonisacii
1676 1399 1759 1442 Papa
1784 1399 1850 1432 Vlll

1107 1455 1145 1487 de
1162 1456 1236 1494 una,
1258 1459 1285 1486 et
1312 1454 1342 1485 in
1364 1453 1498 1485 concilio
1523 1451 1681 1495 generali¹
1707 1452 1790 1485 edita
1811 1452 1850 1485 de

1107 1508 1229 1540 duabus
1254 1507 1356 1546 dietis,
1377 1505 1549 1539 dummodo
1567 1505 1650 1538 ultra
1668 1512 1732 1538 tres
1752 1505 1851 1538 dietas

1107 1560 1221 1604 aliquis
1252 1559 1439 1592 auctoritate
1469 1558 1683 1602 praesentium
1707 1558 1739 1590 in
1764 1558 1849 1591 iudi-

1108 1615 1191 1647 cium
1215 1623 1279 1646 non
1304 1613 1466 1652 trahatur,
1492 1611 1625 1655 aliisque
1650 1611 1852 1654 apostolicis,

1107 1679 1143 1701 ac
1161 1669 1192 1700 in
1209 1667 1441 1703 universalibus
1458 1665 1768 1709 provincialibusque
1782 1675 1853 1698 con-

1108 1722 1187 1755 ciliis
1212 1721 1319 1761 editis,
1345 1719 1546 1763 generalibus
1570 1719 1618 1751 vel
1644 1719 1851 1763 specialibus,

1108 1774 1385 1808 constitutionibus
1406 1778 1436 1806 et
1453 1772 1714 1813 ordinationibus,
1728 1783 1854 1806 necnon

1107 1828 1261 1873 praedicti
1275 1827 1410 1867 Ordinis,
1422 1827 1515 1859 etiam
1531 1827 1719 1865 iuramento,
1737 1826 1852 1860 contir-

1108 1883 1244 1915 matione
1274 1881 1462 1925 apostolica,
1487 1880 1535 1913 vel
1560 1880 1669 1923 quavis
1702 1880 1853 1913 firmitate

1107 1936 1168 1968 alia
1188 1935 1356 1974 roboratis,
1378 1933 1499 1967 statutis
1516 1939 1546 1966 et
1561 1932 1852 1975 consuetudInibus,

1106 1988 1281 2032 privilegiis
1307 1997 1451 2031 quoque,
1477 1986 1603 2018 indultis
1629 1991 1659 2018 et
1683 1986 1795 2018 litteris
1819 1996 1852 2018 a-

1105 2041 1267 2086 postolicis
1304 2041 1333 2072 in
1367 2039 1561 2073 contrarium
1601 2039 1852 2082 praemissorum

1106 2094 1346 2138 quomodolibet
1362 2093 1530 2134 concessis,
1552 2092 1746 2125 confirmatis
1763 2098 1793 2125 et
1810 2093 1853 2124 in-

1105 2148 1243 2186 novatis;
1269 2147 1384 2190 quibus
1407 2146 1554 2179 omnibus
1573 2151 1602 2178 et
1626 2145 1767 2188 singulis,
1780 2146 1852 2179 illo-

1106 2213 1176 2235 rum
1202 2207 1328 2234 tenores
1356 2200 1578 2244 praesentibus
1602 2210 1661 2242 pro
1696 2199 1853 2243 expressis

1105 2256 1267 2295 habentes,
1286 2254 1346 2286 illis
1360 2254 1436 2286 alias
1450 2253 1481 2286 in
1496 2264 1553 2286 suo
1575 2253 1690 2286 robore
1707 2263 1854 2296 perman-

1106 2309 1209 2348 suris,
1236 2307 1274 2340 ad
1302 2307 1551 2351 praemissorum
1575 2306 1719 2339 effectum
1738 2306 1853 2349 specia-

1105 2362 1175 2396 liter
1200 2367 1230 2394 et
1254 2371 1402 2404 expresse
1437 2359 1643 2402 derogamus3
1676 2359 1851 2402 ceterisque

1105 2415 1271 2449 contrariis
1299 2414 1560 2457 quibuscumque.

1150 2470 1164 2513 g
1182 2468 1211 2501 e.
1231 2469 1381 2502 Volumus
1398 2473 1513 2508 autem,
1534 2466 1618 2510 quod
1635 2467 1850 2510 praesentium

1105 2522 1330 2566 transumptis,
1356 2522 1449 2554 etiam
1475 2520 1649 2564 impressis,
1674 2530 1770 2552 manu
1794 2520 1850 2553 ali-

1142 2587 1150 2611 1
1172 2585 1240 2612 Edit.
1257 2585 1337 2612 Main.
1354 2584 1419 2619 legit
1433 2583 1579 2618 Uener-atis
1599 2584 1635 2617 (ti.
1653 2585 1701 2615 τ.),

1872 182 1924 209 An.
1938 183 1967 210 C.
1984 185 2052 214 1656

1880 800 1883 803 η
1894 772 2005 795 Decretum
2020 775 2051 796 Er-

1868 802 1939 820 ritaus.

1887 1357 2003 1379 Contrariis
2012 1358 2049 1380 de-

1864 1387 1933 1411 rogat.

1900 2471 2050 2493 Praesentibus

1864 2499 1877 2520 fi
1881 2499 1891 2520 d
1895 2505 1927 2520 em
1942 2497 2009 2519 addit.
