2107 3142
16 139 72 166 An.
92 137 120 165 C.
138 136 205 164 1653

811 130 1020 154 INNOCEN't'ttts
1046 131 1062 151 X
1088 130 1134 151 t’r.

218 183 304 216 deest
327 191 453 225 quoque
477 180 538 213 illis
562 179 684 222 gratia,
709 188 770 222 qua
794 177 957 221 possibilia

217 235 332 268 fianttu
346 233 556 272 temerariam,
571 232 709 276 impiam,
728 231 956 274 blasphemam,

218 288 414 320 anathemate
437 286 626 326 damnatam,
649 290 680 318 et
703 284 894 317 haereticam
907 283 958 316 de-

219 340 385 379 claramus,
403 345 432 372 et
449 339 492 372 uti
511 339 604 371 talem
623 338 820 370 damnamus.

263 391 454 425 Secundam:
470 404 483 423 <i
492 391 637 423 Interiori
648 389 768 433 gratiae
779 389 808 421 in
818 394 899 421 statu
908 398 959 420 na-

219 450 307 478 turae
324 445 428 488 lapsae
441 454 601 487 nunquam
616 443 809 475 resistitui·»:
827 441 959 474 haereti-

219 508 288 530 cam
308 497 521 536 declaramus,
540 501 569 528 et
587 495 630 527 uti
652 495 745 527 talem
764 494 958 526 damnamus.

262 550 414 584 Tertiam:
444 562 457 581 <t
477 549 524 582 Ad
555 548 742 581 merendum
782 552 813 579 et
847 547 956 578 deme·-

219 603 354 636 rendum
379 603 411 635 in
429 608 511 634 statu
541 606 671 633 naturae
694 600 800 642 lapsae
824 609 886 632 non
911 609 959 630 re-

220 656 357 700 quiritur
380 656 412 687 in
428 655 555 688 homine
579 654 706 686 libertas
730 663 748 684 a
766 652 960 690 necessitate,

221 709 275 742 sed
299 708 414 742 suffieit
437 708 566 740 libertas
586 717 603 738 a
623 705 783 739 coactione
796 715 829 736 a:
850 705 961 737 haere-

220 761 313 794 ticam
329 761 535 801 declaramus,
551 764 582 791 et
597 759 641 791 uti
656 758 747 791 talem
765 757 960 789 damnamus.

265 815 422 854 Quartam:
454 826 467 845 ι(
488 811 731 856 Semipelagiani
757 810 962 844 admittebant

220 867 451 912 praevenientis
475 866 595 909 gratiae
619 865 778 897 interioris
798 864 962 897 necessita-

220 926 285 953 tem
309 920 347 952 ad
367 919 509 962 singulos
534 923 631 959 actus,
657 918 751 950 etiam
776 917 814 949 ad
838 916 960 948 initium

221 973 306 1013 fidei,
319 978 349 1005 et
368 972 400 1004 in
423 972 484 1004 hoc
508 975 597 1004 erant
621 968 780 1010 haeretiei,
799 968 883 1012 quod
901 969 962 1000 vel<

222 1026 287 1058 lent
307 1036 375 1058 eam
394 1024 530 1067 gratiam
555 1023 646 1056 talem
672 1034 758 1062 esse,
783 1022 833 1055 cui
857 1027 962 1064 posset

222 1079 359 1111 humana
383 1079 525 1111 voluntas
549 1077 697 1109 resistere
725 1076 772 1108 vel
801 1076 963 1117 obtempe-

223 1142 331 1164 rarent
357 1131 464 1163 salsam
490 1135 520 1163 et
544 1130 734 1162 haereticam
756 1129 961 1167 declaramus,

223 1190 253 1217 et
272 1184 317 1216 uti
338 1185 430 1216 talem
455 1183 649 1216 damnamus.

266 1236 410 1276 Quintam
427 1248 433 1269 1
455 1248 468 1268 <t
487 1234 771 1278 Semipelagianum
790 1237 835 1266 cst
848 1232 962 1271 dicere,

223 1289 379 1323 Christum
397 1299 455 1332 pro
473 1288 619 1321 omnibus
635 1286 762 1319 omnino
781 1285 963 1318 hominibus

223 1347 383 1375 mortuum
409 1352 487 1381 esse,
511 1346 563 1373 aut
587 1339 770 1381 sanguinem
796 1338 912 1370 fudisse
935 1348 962 1369 »t

224 1396 350 1433 salsam,
375 1394 586 1433 temerariam,
605 1392 830 1431 scandalosam;
856 1397 896 1431 et,
922 1391 964 1422 in-

225 1448 379 1481 tellectam
400 1458 437 1480 eo
461 1457 575 1487 sensu,
600 1452 633 1478 ut
657 1445 798 1478 Christus
825 1455 883 1487 pro
916 1454 963 1475 sa-

203 1509 205 1512 ⁴
224 1501 288 1533 lute
313 1501 472 1533 dumtaxat
489 1499 794 1542 praedestinatorum
821 1503 964 1529 mortuus

225 1554 280 1586 sit:
297 1553 436 1596 impiam,
450 1552 676 1595 blasphemam,
694 1549 963 1589 contumeliosam,

225 1606 348 1638 divinae
365 1606 472 1649 pietati
498 1605 713 1646 derogantem,
728 1608 757 1635 et
773 1602 964 1634 haereticam

225 1659 430 1698 declaramus,
451 1663 481 1690 et
498 1657 542 1690 uti
560 1657 651 1688 talem
669 1656 863 1688 damnamus.

269 1713 284 1755 g
308 1711 337 1744 5.
363 1711 545 1744 Mandamus
563 1710 660 1752 igitur
684 1708 830 1752 omnibus
851 1706 964 1740 Christi

224 1765 370 1797 fidelibus
381 1764 546 1806 utriusque
560 1753 717 1801 sexussne
735 1761 773 1793 de
789 1760 879 1793 dictis
895 1770 966 1802 pro-

224 1817 433 1862 positionibus
458 1816 573 1848 sentire
588 1842 595 1855 ,
619 1815 753 1853 docere,
783 1813 966 1856 praedicare

226 1871 317 1903 aliter
339 1874 552 1913 praesumant,
569 1878 662 1911 quam
682 1867 712 1899 in
732 1867 790 1898 hac
809 1865 965 1909 praesenti

225 1925 333 1956 nostra
349 1922 560 1955 declaratione
581 1926 611 1953 et
624 1919 805 1952 definitione
826 1918 966 1951 contine-

225 1981 287 2016 tur,
312 1975 370 2008 sub
394 1974 536 2007 censuris
549 1979 579 2006 et
594 1973 704 2016 poenis
729 1977 837 2004 contra
862 1971 967 2003 haere—

226 2029 304 2062 ticos
325 2035 354 2061 et
371 2038 481 2061 eorum
506 2028 644 2059 linitores
661 2026 692 2057 in
717 2025 785 2057 iure
801 2023 965 2066 expressis.

271 2082 287 2125 ξ
310 2082 339 2114 6.
361 2080 575 2123 Praecipimus
599 2078 718 2122 pariter
742 2077 889 2110 omnibus
914 2086 966 2119 pa-

227 2134 384 2173 triarchis,
394 2132 648 2176 archiepiscopis,
659 2130 826 2174 episcopis,
837 2129 967 2172 aliisque

228 2188 368 2220 locorum
379 2186 563 2224 Ordinariis,
577 2194 699 2217 necnon
712 2183 887 2215 haereticae
901 2194 968 2225 pra—

227 2240 329 2274 vitatis
353 2238 600 2282 inquisitoribus,
621 2242 654 2269 ut
674 2235 921 2269 contradictores
939 2240 967 2267 et

227 2293 361 2326 rebelles
375 2301 603 2335 quoscumque,
620 2300 676 2333 per
690 2299 838 2321 censuras
852 2291 881 2321 et
898 2298 969 2331 poe-

227 2357 283 2380 nas
307 2346 503 2390 praedictas,
532 2348 698 2386 ceteraque
728 2342 805 2374 iuris
836 2347 867 2374 et
897 2341 967 2373 sacti

228 2400 367 2433 remedia
383 2403 571 2442 opportuna,
593 2397 735 2429 invocato
752 2395 846 2427 etiam
861 2394 891 2426 in
909 2394 968 2427 hoc

229 2452 255 2485 si
279 2462 358 2496 opus
381 2451 474 2484 suerit
497 2449 612 2483 auxilio
644 2447 765 2481 brachii
798 2447 968 2487 secularis,

229 2506 357 2538 omnino
379 2505 545 2538 coerceant
569 2508 599 2535 et
622 2506 833 2545 compescant.

318 2567 396 2593 Bull.
416 2567 499 2593 Rom.
516 2580 550 2585 --
568 2565 626 2591 Vol.
648 2563 707 2591 XV.
865 2562 896 2588 9¹

1636 114 1693 146 Tei

1036 177 1051 219 ἓ
1075 176 1104 208 7.
1124 176 1191 208 Non
1217 174 1412 208 intendentes
1436 177 1540 204 tamen
1564 182 1622 215 per
1649 171 1731 203 lianc

990 228 1234 260 declarationem
1253 232 1283 259 et
1299 226 1513 259 definitionem
1534 234 1628 267 super
1644 234 1731 266 prae-

991 281 1082 313 dictis
1107 280 1244 323 quinque
1266 277 1536 323 propositionibus
1554 278 1663 309 saetam
1680 288 1730 319 ap-

991 333 1126 377 probare
1157 334 1312 365 ullatenus
1343 332 1419 363 alias
1455 330 1620 374 opiniones
1650 340 1731 372 quac·

992 387 1190 419 continentur
1222 385 1253 417 in
1282 384 1443 428 praedicto
1468 382 1571 416 libro¹
1595 382 1730 415 Cornelii

992 440 1137 472 lansenii.

1033 493 1144 525 Datum
1173 493 1301 531 Romae,
1330 490 1413 533 apud
1435 489 1463 521 S.
1483 489 1612 521 Mariam
1636 488 1729 520 Maio-

994 557 1158 585 rem‚anno
1170 544 1396 577 Inearnationis
1406 542 1586 575 Dominicae
1599 551 1728 579 MDCLin,

993 599 1094 642 pridie
1120 597 1268 630 kalendas
1292 596 1381 636 iunii,
1409 595 1611 639 pontificatus
1630 594 1730 626 nostri

995 662 1076 684 anno
1091 661 1132 683 tx.

1030 714 1088 741 Dat.
1111 713 1154 740 die
1174 714 1203 740 31
1227 712 1290 739 maii
1311 711 1389 745 4653,
1407 710 1500 745 pontif.
1520 718 1589 736 anno
1608 715 1644 735 tx.

1290 853 1438 896 chvin.

997 935 1206 977 Confirmatio
1216 934 1467 976 pririleqiorum
1478 931 1612 965 Orditzis
1630 941 1735 963 mona-

1039 989 1173 1021 chorum
1189 986 1456 1029 Conqreyutiom's
1488 985 1703 1019 cisterciensis
1714 983 1734 1015 ².

1189 1067 1385 1094 Innocentius
1411 1066 1488 1098 Papa
1508 1065 1541 1095 X,

1142 1112 1178 1139 ad
1199 1112 1331 1138 futuram
1351 1111 1396 1136 rei
1411 1109 1590 1136 memoriam.

1040 1181 1161 1224 Exponi
1180 1181 1269 1213 nobis
1286 1191 1388 1223 nuper
1412 1179 1484 1211 fecit
1505 1178 1636 1210 dilectus
1653 1177 1736 1209 silius

997 1235 1167 1267 modernus
1201 1238 1391 1276 procurator
1422 1231 1577 1273 generalis
1613 1229 1736 1263 Ordinis

995 1286 1218 1326 Cisterciensis‚
1237 1285 1322 1328 quod
1348 1285 1413 1327 ipse
1430 1283 1603 1326 privilegia,
1621 1283 1735 1325 gratias

998 1346 1027 1373 et
1049 1340 1165 1372 indulta
1185 1350 1201 1371 a
1219 1338 1350 1370 diversis
1382 1336 1515 1370 'iunianis
1536 1335 1737 1368 Pontificibus

998 1392 1293 1437 praedecessoribus
1310 1391 1426 1423 nostris
1444 1390 1527 1421 dicto
1544 1389 1651 1422 Ordini
1669 1399 1739 1421 con-

999 1457 1104 1486 cessa,
1130 1451 1160 1477 et
1181 1444 1358 1477 successive
1383 1444 1422 1475 ab
1448 1443 1527 1482 illis,
1553 1442 1736 1485 praesertim

1000 1509 1073 1530 vero
1097 1497 1251 1540 Gregorio
1277 1497 1358 1538 Papa
1380 1496 1444 1528 Xlll
1478 1495 1622 1527 similiter
1652 1504 1738 1537 prae-

999 1552 1163 1584 decessore
1181 1555 1288 1583 nostro
1304 1549 1401 1581 l'elicis
1417 1547 1653 1587 recordationis,
1667 1557 1738 1579 con-

1000 1605 1144 1643 firmata,
1169 1614 1231 1647 quo
1266 1603 1409 1635 firmiora
1441 1602 1611 1633 subsistant
1642 1605 1672 1633 et
1701 1600 1739 1632 ab

1000 1658 1146 1690 onmibus
1170 1656 1285 1688 arctius
1310 1655 1526 1693 observentur,
1551 1653 1739 1696 apostolicae

1000 1716 1126 1743 nostrae
1144 1708 1391 1742 confirmationis
1410 1707 1584 1750 patrocinio
1602 1716 1740 1738 commu-

1001 1763 1061 1795 niri
1086 1772 1288 1805 summopere
1312 1760 1479 1793 desiderat.

1045 1817 1060 1859 ἓ
1096 1816 1120 1848 l.
1157 1816 1219 1848 Nos
1244 1814 1357 1857 igitur,
1382 1812 1526 1845 eumdem
1553 1811 1738 1844 modernum

1000 1873 1240 1912 procuratorem
1254 1866 1441 1910 specialibus
1455 1865 1612 1897 favoribus
1626 1869 1656 1896 et
1671 1874 1741 1906 gra-

1002 1923 1051 1955 tiis
1073 1921 1221 1965 prosequi
1245 1921 1384 1952 volentes
1409 1924 1438 1951 et
1458 1928 1474 1949 a
1499 1916 1661 1960 quibusvis
1688 1927 1739 1949 exa

1002 1974 1312 2013 communicationis,
1336 1971 1551 2015 suspensionis
1586 1975 1616 2002 et
1650 1970 1741 2003 inler-

1002 2029 1104 2069 dicti,
1140 2028 1271 2069 aliisque
1306 2024 1525 2058 ecclesiasticis
1559 2023 1740 2060 sententiis,

1003 2081 1143 2114 censuris
1159 2086 1188 2113 et
1213 2080 1332 2123 poenis,
1353 2090 1369 2110 a
1390 2079 1457 2110 iure
1475 2078 1521 2109 vel
1542 2078 1580 2110 ab
1604 2077 1740 2110 homine.

1002 2135 1110 2178 quavis
1140 2134 1304 2167 occasione
1328 2132 1376 2164 vel
1401 2133 1492 2164 causa
1519 2131 1604 2169 latis,
1630 2130 1654 2162 si
1678 2131 1742 2173 qu{-

1002 2188 1059 2220 bus
1089 2186 1326 2230 quomodolibet
1358 2184 1523 2216 innodatus
1548 2183 1670 2222 existit,
1704 2183 1740 2214 aa

1002 2242 1147 2274 effectum
1159 2239 1369 2284 praesentiam
1385 2238 1743 2278 dumtaxatconsequen-

1003 2294 1093 2334 dum,
1116 2294 1227 2325 harum
1249 2292 1329 2324 serie
1354 2291 1550 2322 absolventes
1572 2293 1602 2321 et
1616 2287 1739 2321 absolu-

1040 2376 1049 2400 1
1069 2373 1138 2400 Edit.
1156 2372 1235 2399 Main.
1253 2371 1335 2398 babet
1350 2371 1438 2397 libero
1454 2377 1501 2404 pro
1516 2368 1590 2395 libro
1604 2370 1641 2402 (n.
1656 2367 1705 2401 Τ.).

1037 2420 1054 2444 2
1075 2419 1109 2444 ne.
1130 2418 1244 2444 istorum
1264 2415 1455 2442 monachorum
1471 2412 1679 2448 congregatione
1695 2419 1740 2438 no—

1004 2462 1056 2489 tavi
1078 2462 1110 2489 ad
1139 2461 1251 2488 Constit.
1272 2466 1353 2486 cccxc
1380 2457 1479 2485 Urbani
1499 2456 1576 2491 vnl,
1597 2456 1634 2483 In
1653 2456 1740 2485 Sede,

1004 2512 1068 2535 tom.
1090 2514 1143 2540 xiv,
1161 2514 1222 2541 pag.
1244 2504 1306 2531 ⁸203,

1744 123 1794 149 An.
1815 122 1843 149 C.
1861 122 1933 149 1653

1779 1182 1918 1207 Supplicatio.

1809 1812 1824 1831 Α
1843 1812 1939 1832 censuris

1755 1838 1853 1859 absobit.
