<?xml version="1.0" encoding="UTF-8"?>
<!DOCTYPE html PUBLIC "-//W3C//DTD XHTML 1.0 Transitional//EN"
    "http://www.w3.org/TR/xhtml1/DTD/xhtml1-transitional.dtd">
<html xmlns="http://www.w3.org/1999/xhtml" xml:lang="en" lang="en">
 <head>
  <title>
</title>
<meta http-equiv="Content-Type" content="text/html;charset=utf-8" />
  <meta name='ocr-system' content='tesseract 3.04.00' />
  <meta name='ocr-capabilities' content='ocr_page ocr_carea ocr_par ocr_line ocrx_word'/>
</head>
<body>
  <div class='ocr_page' id='page_1' title='image "./bullarumdiplomat15cath_0254.png"; bbox 0 0 2107 3142; ppageno 0'>
   <div class='ocr_carea' id='block_1_1' title="bbox 100 184 290 212">
    <p class='ocr_par' dir='ltr' id='par_1_1' title="bbox 100 184 290 212">
     <span class='ocr_line' id='line_1_1' title="bbox 100 184 290 212; baseline 0.005 -1"><span class='ocrx_word' id='word_1_1' title='bbox 100 187 152 212; x_wconf 60' lang='lat'>³311.</span> <span class='ocrx_word' id='word_1_2' title='bbox 169 185 199 212; x_wconf 90' lang='lat' dir='ltr'>C.</span> <span class='ocrx_word' id='word_1_3' title='bbox 220 184 290 212; x_wconf 64' lang='lat'>1642</span> 
     </span>
    </p>
   </div>
   <div class='ocr_carea' id='block_1_2' title="bbox 303 175 1055 2618">
    <p class='ocr_par' dir='ltr' id='par_1_2' title="bbox 303 175 1055 2618">
     <span class='ocr_line' id='line_1_2' title="bbox 336 175 399 208; baseline 0 0"><span class='ocrx_word' id='word_1_4' title='bbox 336 175 399 208; x_wconf 63' lang='lat'>212</span> 
     </span>
     <span class='ocr_line' id='line_1_3' title="bbox 304 230 1051 276; baseline -0.004 -11"><span class='ocrx_word' id='word_1_5' title='bbox 304 232 424 266; x_wconf 85' lang='lat' dir='ltr'>testatis</span> <span class='ocrx_word' id='word_1_6' title='bbox 440 231 644 276; x_wconf 74' lang='lat' dir='ltr'>plenitudine,</span> <span class='ocrx_word' id='word_1_7' title='bbox 662 230 825 263; x_wconf 83' lang='lat' dir='ltr'>decretum</span> <span class='ocrx_word' id='word_1_8' title='bbox 842 230 1051 273; x_wconf 81' lang='lat' dir='ltr'>praedictum,</span> 
     </span>
     <span class='ocr_line' id='line_1_4' title="bbox 305 283 1051 329; baseline -0.005 -11"><span class='ocrx_word' id='word_1_9' title='bbox 305 286 478 329; x_wconf 78' lang='lat' dir='ltr'>apostoliea</span> <span class='ocrx_word' id='word_1_10' title='bbox 495 284 812 325; x_wconf 68' lang='lat' dir='ltr'>:1110101-tiate‚tenore</span> <span class='ocrx_word' id='word_1_11' title='bbox 825 283 1051 326; x_wconf 87' lang='lat' dir='ltr'>praesentium,</span> 
     </span>
     <span class='ocr_line' id='line_1_5' title="bbox 306 336 1051 382; baseline -0.004 -12"><span class='ocrx_word' id='word_1_12' title='bbox 306 344 461 382; x_wconf 84' lang='lat' dir='ltr'>perpetuo</span> <span class='ocrx_word' id='word_1_13' title='bbox 494 336 721 369; x_wconf 81' lang='lat' dir='ltr'>confirmamus</span> <span class='ocrx_word' id='word_1_14' title='bbox 752 340 783 368; x_wconf 86' lang='lat' dir='ltr'>et</span> <span class='ocrx_word' id='word_1_15' title='bbox 817 336 1051 379; x_wconf 77' lang='lat' dir='ltr'>approbamus,</span> 
     </span>
     <span class='ocr_line' id='line_1_6' title="bbox 306 389 1052 433; baseline -0.003 -10"><span class='ocrx_word' id='word_1_16' title='bbox 306 392 415 433; x_wconf 87' lang='lat' dir='ltr'>illique</span> <span class='ocrx_word' id='word_1_17' title='bbox 447 389 635 422; x_wconf 68' lang='lat' dir='ltr'>inviolabilis</span> <span class='ocrx_word' id='word_1_18' title='bbox 668 389 860 432; x_wconf 83' lang='lat' dir='ltr'>apostolieae</span> <span class='ocrx_word' id='word_1_19' title='bbox 893 389 1052 421; x_wconf 82' lang='lat' dir='ltr'>firmitatis</span> 
     </span>
     <span class='ocr_line' id='line_1_7' title="bbox 306 443 1051 485; baseline 0 -10"><span class='ocrx_word' id='word_1_20' title='bbox 306 444 406 476; x_wconf 77' lang='lat' dir='ltr'>robur</span> <span class='ocrx_word' id='word_1_21' title='bbox 437 443 619 484; x_wconf 84' lang='lat' dir='ltr'>adiieimus⁷</span> <span class='ocrx_word' id='word_1_22' title='bbox 649 453 685 475; x_wconf 87' lang='lat' dir='ltr'>ae</span> <span class='ocrx_word' id='word_1_23' title='bbox 717 453 826 475; x_wconf 90' lang='lat' dir='ltr'>omnes</span> <span class='ocrx_word' id='word_1_24' title='bbox 851 448 881 475; x_wconf 85' lang='lat' dir='ltr'>et</span> <span class='ocrx_word' id='word_1_25' title='bbox 909 443 1051 485; x_wconf 74' lang='lat' dir='ltr'>singulos</span> 
     </span>
     <span class='ocr_line' id='line_1_8' title="bbox 305 495 1052 538; baseline -0.001 -10"><span class='ocrx_word' id='word_1_26' title='bbox 305 501 366 529; x_wconf 81' lang='lat' dir='ltr'>tam</span> <span class='ocrx_word' id='word_1_27' title='bbox 388 496 466 528; x_wconf 86' lang='lat' dir='ltr'>iuris</span> <span class='ocrx_word' id='word_1_28' title='bbox 483 506 576 538; x_wconf 82' lang='lat' dir='ltr'>quam</span> <span class='ocrx_word' id='word_1_29' title='bbox 593 496 664 528; x_wconf 85' lang='lat' dir='ltr'>faeti</span> <span class='ocrx_word' id='word_1_30' title='bbox 683 495 823 528; x_wconf 84' lang='lat' dir='ltr'>desectus</span> <span class='ocrx_word' id='word_1_31' title='bbox 837 495 929 528; x_wconf 90' lang='lat' dir='ltr'>etiam</span> <span class='ocrx_word' id='word_1_32' title='bbox 945 506 1052 538; x_wconf 90' lang='lat' dir='ltr'>quam-</span> 
     </span>
     <span class='ocr_line' id='line_1_9' title="bbox 305 548 1053 592; baseline 0 -11"><span class='ocrx_word' id='word_1_33' title='bbox 305 550 421 581; x_wconf 73' lang='lat' dir='ltr'>tumvis</span> <span class='ocrx_word' id='word_1_34' title='bbox 445 549 678 590; x_wconf 80' lang='lat' dir='ltr'>substantiales,</span> <span class='ocrx_word' id='word_1_35' title='bbox 696 549 720 581; x_wconf 90' lang='lat' dir='ltr'>si</span> <span class='ocrx_word' id='word_1_36' title='bbox 742 549 795 592; x_wconf 87' lang='lat' dir='ltr'>qui</span> <span class='ocrx_word' id='word_1_37' title='bbox 821 548 958 591; x_wconf 82' lang='lat' dir='ltr'>desuper</span> <span class='ocrx_word' id='word_1_38' title='bbox 978 559 1053 592; x_wconf 87' lang='lat' dir='ltr'>quo-</span> 
     </span>
     <span class='ocr_line' id='line_1_10' title="bbox 306 602 1050 645; baseline -0.001 -11"><span class='ocrx_word' id='word_1_39' title='bbox 306 602 478 635; x_wconf 82' lang='lat' dir='ltr'>modolibet</span> <span class='ocrx_word' id='word_1_40' title='bbox 503 602 751 643; x_wconf 57' lang='lat' dir='ltr'>inteiw&#39;entjxrint‚</span> <span class='ocrx_word' id='word_1_41' title='bbox 781 602 985 645; x_wconf 83' lang='lat' dir='ltr'>supplemus;</span> <span class='ocrx_word' id='word_1_42' title='bbox 1011 607 1050 642; x_wconf 89' lang='lat' dir='ltr'>et,</span> 
     </span>
     <span class='ocr_line' id='line_1_11' title="bbox 304 655 1051 699; baseline -0.001 -12"><span class='ocrx_word' id='word_1_43' title='bbox 304 656 377 687; x_wconf 79' lang='lat' dir='ltr'>lieet</span> <span class='ocrx_word' id='word_1_44' title='bbox 401 666 619 699; x_wconf 63' lang='lat' dir='ltr'>quaeeui‘nque</span> <span class='ocrx_word' id='word_1_45' title='bbox 650 655 856 687; x_wconf 77' lang='lat' dir='ltr'>iurisdietioni</span> <span class='ocrx_word' id='word_1_46' title='bbox 872 682 879 695; x_wconf 90' lang='lat'>,</span> <span class='ocrx_word' id='word_1_47' title='bbox 905 655 1051 687; x_wconf 86' lang='lat' dir='ltr'>immuni-</span> 
     </span>
     <span class='ocr_line' id='line_1_12' title="bbox 305 708 1050 752; baseline -0.003 -11"><span class='ocrx_word' id='word_1_48' title='bbox 305 709 358 742; x_wconf 89' lang='lat' dir='ltr'>tati</span> <span class='ocrx_word' id='word_1_49' title='bbox 384 715 414 741; x_wconf 89' lang='lat' dir='ltr'>et</span> <span class='ocrx_word' id='word_1_50' title='bbox 440 709 574 741; x_wconf 83' lang='lat' dir='ltr'>libertati</span> <span class='ocrx_word' id='word_1_51' title='bbox 596 720 631 741; x_wconf 87' lang='lat' dir='ltr'>ae</span> <span class='ocrx_word' id='word_1_52' title='bbox 657 708 802 752; x_wconf 81' lang='lat' dir='ltr'>personis</span> <span class='ocrx_word' id='word_1_53' title='bbox 827 714 857 740; x_wconf 90' lang='lat' dir='ltr'>et</span> <span class='ocrx_word' id='word_1_54' title='bbox 881 708 972 740; x_wconf 80' lang='lat' dir='ltr'>bonis</span> <span class='ocrx_word' id='word_1_55' title='bbox 1000 719 1050 740; x_wconf 82' lang='lat' dir='ltr'>ee-</span> 
     </span>
     <span class='ocr_line' id='line_1_13' title="bbox 304 761 1051 805; baseline 0 -11"><span class='ocrx_word' id='word_1_56' title='bbox 304 762 488 794; x_wconf 60' lang='lat' dir='ltr'>clesiastieis</span> <span class='ocrx_word' id='word_1_57' title='bbox 513 762 708 805; x_wconf 70' lang='lat' dir='ltr'>quibuslibet</span> <span class='ocrx_word' id='word_1_58' title='bbox 732 761 968 805; x_wconf 81' lang='lat' dir='ltr'>praeiudicialia</span> <span class='ocrx_word' id='word_1_59' title='bbox 994 773 1051 805; x_wconf 85' lang='lat' dir='ltr'>per</span> 
     </span>
     <span class='ocr_line' id='line_1_14' title="bbox 303 815 1050 857; baseline 0 -11"><span class='ocrx_word' id='word_1_60' title='bbox 303 816 487 857; x_wconf 76' lang='lat' dir='ltr'>generalem</span> <span class='ocrx_word' id='word_1_61' title='bbox 515 822 656 847; x_wconf 88' lang='lat' dir='ltr'>nostram</span> <span class='ocrx_word' id='word_1_62' title='bbox 682 815 938 848; x_wconf 68' lang='lat' dir='ltr'>constitutionem</span> <span class='ocrx_word' id='word_1_63' title='bbox 957 815 1006 846; x_wconf 76' lang='lat' dir='ltr'>die</span> <span class='ocrx_word' id='word_1_64' title='bbox 1032 825 1050 846; x_wconf 78' lang='lat' dir='ltr'>v</span> 
     </span>
     <span class='ocr_line' id='line_1_15' title="bbox 305 868 1051 911; baseline 0 -12"><span class='ocrx_word' id='word_1_65' title='bbox 305 868 382 900; x_wconf 87' lang='lat' dir='ltr'>iunii</span> <span class='ocrx_word' id='word_1_66' title='bbox 408 878 526 901; x_wconf 67' lang='lat' dir='ltr'>innexu</span> <span class='ocrx_word' id='word_1_67' title='bbox 551 868 667 899; x_wconf 86' lang='lat' dir='ltr'>editam</span> <span class='ocrx_word' id='word_1_68' title='bbox 692 873 722 900; x_wconf 90' lang='lat' dir='ltr'>et</span> <span class='ocrx_word' id='word_1_69' title='bbox 746 868 938 911; x_wconf 82' lang='lat' dir='ltr'>publicatam</span> <span class='ocrx_word' id='word_1_70' title='bbox 965 869 1051 900; x_wconf 84' lang='lat' dir='ltr'>nulla</span> 
     </span>
     <span class='ocr_line' id='line_1_16' title="bbox 304 921 1051 964; baseline -0.001 -11"><span class='ocrx_word' id='word_1_71' title='bbox 304 927 335 953; x_wconf 85' lang='lat' dir='ltr'>et</span> <span class='ocrx_word' id='word_1_72' title='bbox 350 921 439 953; x_wconf 77' lang='lat' dir='ltr'>irrita</span> <span class='ocrx_word' id='word_1_73' title='bbox 453 921 732 961; x_wconf 69' lang='lat' dir='ltr'>declat-averiian</span> <span class='ocrx_word' id='word_1_74' title='bbox 743 926 783 961; x_wconf 88' lang='lat' dir='ltr'>et,</span> <span class='ocrx_word' id='word_1_75' title='bbox 801 927 956 964; x_wconf 85' lang='lat' dir='ltr'>quatenus</span> <span class='ocrx_word' id='word_1_76' title='bbox 971 923 1051 954; x_wconf 78' lang='lat' dir='ltr'>soret.</span> 
     </span>
     <span class='ocr_line' id='line_1_17' title="bbox 304 974 1052 1018; baseline 0 -11"><span class='ocrx_word' id='word_1_77' title='bbox 304 985 394 1017; x_wconf 85' lang='lat' dir='ltr'>opus,</span> <span class='ocrx_word' id='word_1_78' title='bbox 405 974 667 1015; x_wconf 68' lang='lat' dir='ltr'>revocaverimus,</span> <span class='ocrx_word' id='word_1_79' title='bbox 679 979 709 1006; x_wconf 88' lang='lat' dir='ltr'>et</span> <span class='ocrx_word' id='word_1_80' title='bbox 722 974 855 1017; x_wconf 81' lang='lat' dir='ltr'>proinde</span> <span class='ocrx_word' id='word_1_81' title='bbox 865 980 952 1007; x_wconf 84' lang='lat' dir='ltr'>aetus</span> <span class='ocrx_word' id='word_1_82' title='bbox 963 986 1052 1018; x_wconf 82' lang='lat' dir='ltr'>prae-</span> 
     </span>
     <span class='ocr_line' id='line_1_18' title="bbox 305 1027 1050 1060; baseline 0 -1"><span class='ocrx_word' id='word_1_83' title='bbox 305 1028 380 1059; x_wconf 76' lang='lat' dir='ltr'>dieti</span> <span class='ocrx_word' id='word_1_84' title='bbox 413 1033 485 1060; x_wconf 84' lang='lat' dir='ltr'>ante</span> <span class='ocrx_word' id='word_1_85' title='bbox 517 1027 660 1059; x_wconf 78' lang='lat' dir='ltr'>eanulem</span> <span class='ocrx_word' id='word_1_86' title='bbox 693 1028 951 1060; x_wconf 80' lang='lat' dir='ltr'>constitutionem</span> <span class='ocrx_word' id='word_1_87' title='bbox 979 1028 1050 1060; x_wconf 76' lang='lat' dir='ltr'>faeti</span> 
     </span>
     <span class='ocr_line' id='line_1_19' title="bbox 305 1075 1050 1125; baseline 0.001 -12"><span class='ocrx_word' id='word_1_88' title='bbox 305 1093 364 1125; x_wconf 85' lang='lat' dir='ltr'>per</span> <span class='ocrx_word' id='word_1_89' title='bbox 389 1082 472 1113; x_wconf 85' lang='lat' dir='ltr'>illam</span> <span class='ocrx_word' id='word_1_90' title='bbox 498 1082 576 1114; x_wconf 90' lang='lat' dir='ltr'>nulli</span> <span class='ocrx_word' id='word_1_91' title='bbox 603 1082 663 1113; x_wconf 89' lang='lat' dir='ltr'>iam</span> <span class='ocrx_word' id='word_1_92' title='bbox 682 1081 831 1114; x_wconf 79' lang='lat' dir='ltr'>declarati</span> <span class='ocrx_word' id='word_1_93' title='bbox 857 1087 887 1113; x_wconf 83' lang='lat' dir='ltr'>et</span> <span class='ocrx_word' id='word_1_94' title='bbox 911 1075 1050 1116; x_wconf 68' lang='lat' dir='ltr'>revorati</span> 
     </span>
     <span class='ocr_line' id='line_1_20' title="bbox 304 1135 1049 1174; baseline 0 -7"><span class='ocrx_word' id='word_1_95' title='bbox 304 1135 442 1174; x_wconf 84' lang='lat' dir='ltr'>suerint,</span> <span class='ocrx_word' id='word_1_96' title='bbox 468 1136 696 1173; x_wconf 82' lang='lat' dir='ltr'>nibilominus,</span> <span class='ocrx_word' id='word_1_97' title='bbox 721 1135 759 1167; x_wconf 87' lang='lat' dir='ltr'>ad</span> <span class='ocrx_word' id='word_1_98' title='bbox 788 1135 1049 1168; x_wconf 75' lang='lat' dir='ltr'>abundantioreni</span> 
     </span>
     <span class='ocr_line' id='line_1_21' title="bbox 305 1188 1052 1231; baseline 0.001 -11"><span class='ocrx_word' id='word_1_99' title='bbox 305 1189 471 1223; x_wconf 70' lang='lat' dir='ltr'>cautelam,</span> <span class='ocrx_word' id='word_1_100' title='bbox 487 1188 619 1231; x_wconf 81' lang='lat' dir='ltr'>iuraque</span> <span class='ocrx_word' id='word_1_101' title='bbox 638 1188 760 1220; x_wconf 83' lang='lat' dir='ltr'>iuribus</span> <span class='ocrx_word' id='word_1_102' title='bbox 779 1189 980 1221; x_wconf 72' lang='lat' dir='ltr'>accumulare</span> <span class='ocrx_word' id='word_1_103' title='bbox 999 1200 1052 1221; x_wconf 69' lang='lat' dir='ltr'>ro-</span> 
     </span>
     <span class='ocr_line' id='line_1_22' title="bbox 306 1241 1048 1281; baseline 0 -8"><span class='ocrx_word' id='word_1_104' title='bbox 306 1242 415 1281; x_wconf 75' lang='lat' dir='ltr'>lentes‚</span> <span class='ocrx_word' id='word_1_105' title='bbox 439 1242 517 1273; x_wconf 71' lang='lat' dir='ltr'>citra</span> <span class='ocrx_word' id='word_1_106' title='bbox 542 1242 641 1273; x_wconf 89' lang='lat' dir='ltr'>ullum</span> <span class='ocrx_word' id='word_1_107' title='bbox 674 1247 776 1273; x_wconf 83' lang='lat' dir='ltr'>tamen</span> <span class='ocrx_word' id='word_1_108' title='bbox 801 1241 942 1273; x_wconf 80' lang='lat' dir='ltr'>eiusdem</span> <span class='ocrx_word' id='word_1_109' title='bbox 969 1252 1048 1274; x_wconf 75' lang='lat' dir='ltr'>ron-</span> 
     </span>
     <span class='ocr_line' id='line_1_23' title="bbox 306 1295 1052 1337; baseline 0.003 -11"><span class='ocrx_word' id='word_1_110' title='bbox 306 1295 477 1327; x_wconf 80' lang='lat' dir='ltr'>stitutionis</span> <span class='ocrx_word' id='word_1_111' title='bbox 493 1295 732 1337; x_wconf 61' lang='lat' dir='ltr'>praeualidum,</span> <span class='ocrx_word' id='word_1_112' title='bbox 743 1295 927 1327; x_wconf 79' lang='lat' dir='ltr'>earmndem</span> <span class='ocrx_word' id='word_1_113' title='bbox 943 1299 1052 1328; x_wconf 83' lang='lat' dir='ltr'>tenore</span> 
     </span>
     <span class='ocr_line' id='line_1_24' title="bbox 306 1348 1052 1392; baseline 0.001 -12"><span class='ocrx_word' id='word_1_114' title='bbox 306 1348 521 1392; x_wconf 79' lang='lat' dir='ltr'>praesentium</span> <span class='ocrx_word' id='word_1_115' title='bbox 547 1358 657 1380; x_wconf 85' lang='lat' dir='ltr'>omues</span> <span class='ocrx_word' id='word_1_116' title='bbox 682 1353 711 1379; x_wconf 82' lang='lat' dir='ltr'>et.</span> <span class='ocrx_word' id='word_1_117' title='bbox 742 1348 883 1390; x_wconf 75' lang='lat' dir='ltr'>singulos</span> <span class='ocrx_word' id='word_1_118' title='bbox 908 1354 996 1380; x_wconf 74' lang='lat' dir='ltr'>aetus</span> <span class='ocrx_word' id='word_1_119' title='bbox 1022 1354 1052 1381; x_wconf 80' lang='lat' dir='ltr'>et</span> 
     </span>
     <span class='ocr_line' id='line_1_25' title="bbox 307 1402 1053 1444; baseline 0.001 -11"><span class='ocrx_word' id='word_1_120' title='bbox 307 1412 453 1433; x_wconf 68' lang='lat' dir='ltr'>excessus</span> <span class='ocrx_word' id='word_1_121' title='bbox 479 1407 512 1433; x_wconf 90' lang='lat' dir='ltr'>ut</span> <span class='ocrx_word' id='word_1_122' title='bbox 537 1402 717 1444; x_wconf 71' lang='lat' dir='ltr'>praesmlur</span> <span class='ocrx_word' id='word_1_123' title='bbox 746 1412 782 1433; x_wconf 81' lang='lat' dir='ltr'>ae</span> <span class='ocrx_word' id='word_1_124' title='bbox 815 1402 891 1433; x_wconf 75' lang='lat' dir='ltr'>alias</span> <span class='ocrx_word' id='word_1_125' title='bbox 921 1412 1053 1444; x_wconf 82' lang='lat' dir='ltr'>quomo-</span> 
     </span>
     <span class='ocr_line' id='line_1_26' title="bbox 305 1455 1050 1498; baseline 0 -11"><span class='ocrx_word' id='word_1_126' title='bbox 305 1455 426 1487; x_wconf 84' lang='lat' dir='ltr'>dolibet</span> <span class='ocrx_word' id='word_1_127' title='bbox 450 1461 555 1496; x_wconf 63' lang='lat' dir='ltr'>gestos</span> <span class='ocrx_word' id='word_1_128' title='bbox 580 1460 609 1486; x_wconf 88' lang='lat' dir='ltr'>et</span> <span class='ocrx_word' id='word_1_129' title='bbox 636 1455 808 1498; x_wconf 69' lang='lat' dir='ltr'>respective</span> <span class='ocrx_word' id='word_1_130' title='bbox 832 1459 1050 1498; x_wconf 77' lang='lat' dir='ltr'>perpetratos,</span> 
     </span>
     <span class='ocr_line' id='line_1_27' title="bbox 306 1509 1051 1552; baseline 0.001 -12"><span class='ocrx_word' id='word_1_131' title='bbox 306 1509 379 1540; x_wconf 74' lang='lat' dir='ltr'>sede</span> <span class='ocrx_word' id='word_1_132' title='bbox 404 1509 573 1552; x_wconf 79' lang='lat' dir='ltr'>episcopali</span> <span class='ocrx_word' id='word_1_133' title='bbox 601 1509 743 1552; x_wconf 70' lang='lat' dir='ltr'>papiensi</span> <span class='ocrx_word' id='word_1_134' title='bbox 776 1514 921 1548; x_wconf 64' lang='lat' dir='ltr'>vacante,</span> <span class='ocrx_word' id='word_1_135' title='bbox 948 1515 1008 1541; x_wconf 83' lang='lat' dir='ltr'>tam</span> <span class='ocrx_word' id='word_1_136' title='bbox 1034 1521 1051 1542; x_wconf 88' lang='lat' dir='ltr'>a</span> 
     </span>
     <span class='ocr_line' id='line_1_28' title="bbox 305 1562 1051 1605; baseline 0.001 -11"><span class='ocrx_word' id='word_1_137' title='bbox 305 1563 390 1594; x_wconf 86' lang='lat' dir='ltr'>dieto</span> <span class='ocrx_word' id='word_1_138' title='bbox 415 1562 554 1604; x_wconf 73' lang='lat' dir='ltr'>generali</span> <span class='ocrx_word' id='word_1_139' title='bbox 580 1573 771 1603; x_wconf 73' lang='lat' dir='ltr'>oeconomo,</span> <span class='ocrx_word' id='word_1_140' title='bbox 798 1573 892 1605; x_wconf 85' lang='lat' dir='ltr'>quam</span> <span class='ocrx_word' id='word_1_141' title='bbox 918 1563 957 1594; x_wconf 87' lang='lat' dir='ltr'>ab</span> <span class='ocrx_word' id='word_1_142' title='bbox 983 1563 1051 1595; x_wconf 81' lang='lat' dir='ltr'>offi-</span> 
     </span>
     <span class='ocr_line' id='line_1_29' title="bbox 306 1615 1051 1659; baseline 0 -12"><span class='ocrx_word' id='word_1_143' title='bbox 306 1615 439 1647; x_wconf 73' lang='lat' dir='ltr'>cialibus</span> <span class='ocrx_word' id='word_1_144' title='bbox 457 1621 483 1646; x_wconf 83' lang='lat' dir='ltr'>et</span> <span class='ocrx_word' id='word_1_145' title='bbox 504 1615 656 1648; x_wconf 72' lang='lat' dir='ltr'>ministris</span> <span class='ocrx_word' id='word_1_146' title='bbox 675 1615 770 1657; x_wconf 62' lang='lat' dir='ltr'>regiis</span> <span class='ocrx_word' id='word_1_147' title='bbox 784 1615 1051 1659; x_wconf 60' lang='lat' dir='ltr'>quilniseumque,</span> 
     </span>
     <span class='ocr_line' id='line_1_30' title="bbox 306 1669 1051 1712; baseline -0.001 -11"><span class='ocrx_word' id='word_1_148' title='bbox 306 1680 360 1701; x_wconf 79' lang='lat' dir='ltr'>seu</span> <span class='ocrx_word' id='word_1_149' title='bbox 386 1680 402 1700; x_wconf 87' lang='lat' dir='ltr'>a</span> <span class='ocrx_word' id='word_1_150' title='bbox 427 1669 583 1712; x_wconf 66' lang='lat' dir='ltr'>deputatis</span> <span class='ocrx_word' id='word_1_151' title='bbox 609 1669 647 1700; x_wconf 91' lang='lat' dir='ltr'>ab</span> <span class='ocrx_word' id='word_1_152' title='bbox 673 1669 728 1707; x_wconf 77' lang='lat' dir='ltr'>eis,</span> <span class='ocrx_word' id='word_1_153' title='bbox 748 1669 793 1700; x_wconf 60' lang='lat' dir='ltr'>iel</span> <span class='ocrx_word' id='word_1_154' title='bbox 815 1669 1051 1709; x_wconf 71' lang='lat' dir='ltr'>alterni-orum,</span> 
     </span>
     <span class='ocr_line' id='line_1_31' title="bbox 306 1722 1049 1762; baseline -0.001 -7"><span class='ocrx_word' id='word_1_155' title='bbox 306 1728 335 1755; x_wconf 87' lang='lat' dir='ltr'>et</span> <span class='ocrx_word' id='word_1_156' title='bbox 353 1723 391 1754; x_wconf 81' lang='lat' dir='ltr'>ab</span> <span class='ocrx_word' id='word_1_157' title='bbox 417 1723 603 1755; x_wconf 61' lang='lat' dir='ltr'>ollieialibus</span> <span class='ocrx_word' id='word_1_158' title='bbox 621 1728 650 1754; x_wconf 71' lang='lat' dir='ltr'>et</span> <span class='ocrx_word' id='word_1_159' title='bbox 669 1722 820 1754; x_wconf 77' lang='lat' dir='ltr'>ministris</span> <span class='ocrx_word' id='word_1_160' title='bbox 838 1723 934 1762; x_wconf 78' lang='lat' dir='ltr'>laicis,</span> <span class='ocrx_word' id='word_1_161' title='bbox 956 1723 1049 1755; x_wconf 78' lang='lat' dir='ltr'>etiam</span> 
     </span>
     <span class='ocr_line' id='line_1_32' title="bbox 306 1775 1052 1819; baseline 0.001 -12"><span class='ocrx_word' id='word_1_162' title='bbox 306 1776 552 1808; x_wconf 70' lang='lat' dir='ltr'>dictaecix&#39;itatis</span> <span class='ocrx_word' id='word_1_163' title='bbox 571 1775 741 1818; x_wconf 80' lang='lat' dir='ltr'>l‘apiensis,</span> <span class='ocrx_word' id='word_1_164' title='bbox 753 1775 980 1819; x_wconf 71' lang='lat' dir='ltr'>cuiuscumque</span> <span class='ocrx_word' id='word_1_165' title='bbox 994 1780 1052 1809; x_wconf 78' lang='lat' dir='ltr'>sta-</span> 
     </span>
     <span class='ocr_line' id='line_1_33' title="bbox 307 1829 1053 1872; baseline -0.001 -10"><span class='ocrx_word' id='word_1_166' title='bbox 307 1835 365 1870; x_wconf 72' lang='lat' dir='ltr'>tus7</span> <span class='ocrx_word' id='word_1_167' title='bbox 391 1829 519 1870; x_wconf 76' lang='lat' dir='ltr'>gradus,</span> <span class='ocrx_word' id='word_1_168' title='bbox 545 1829 745 1867; x_wconf 79' lang='lat' dir='ltr'>conditionis,</span> <span class='ocrx_word' id='word_1_169' title='bbox 763 1829 932 1871; x_wconf 71' lang='lat' dir='ltr'>qualitatis,</span> <span class='ocrx_word' id='word_1_170' title='bbox 947 1840 1053 1872; x_wconf 82' lang='lat' dir='ltr'>praee-</span> 
     </span>
     <span class='ocr_line' id='line_1_34' title="bbox 307 1881 1050 1923; baseline 0.001 -10"><span class='ocrx_word' id='word_1_171' title='bbox 307 1883 477 1914; x_wconf 60' lang='lat' dir='ltr'>n‘iinentiue</span> <span class='ocrx_word' id='word_1_172' title='bbox 499 1888 525 1913; x_wconf 75' lang='lat' dir='ltr'>et</span> <span class='ocrx_word' id='word_1_173' title='bbox 544 1881 705 1923; x_wconf 65' lang='lat' dir='ltr'>diguitatis</span> <span class='ocrx_word' id='word_1_174' title='bbox 728 1881 943 1921; x_wconf 70' lang='lat' dir='ltr'>existentibus,</span> <span class='ocrx_word' id='word_1_175' title='bbox 958 1882 1050 1914; x_wconf 87' lang='lat' dir='ltr'>etiam</span> 
     </span>
     <span class='ocr_line' id='line_1_35' title="bbox 307 1934 1051 1980; baseline 0 -12"><span class='ocrx_word' id='word_1_176' title='bbox 307 1936 434 1980; x_wconf 62' lang='lat' dir='ltr'>&gt;periali</span> <span class='ocrx_word' id='word_1_177' title='bbox 461 1937 533 1967; x_wconf 76' lang='lat' dir='ltr'>nota</span> <span class='ocrx_word' id='word_1_178' title='bbox 548 1942 576 1966; x_wconf 84' lang='lat' dir='ltr'>et</span> <span class='ocrx_word' id='word_1_179' title='bbox 594 1935 799 1978; x_wconf 63' lang='lat' dir='ltr'>expressione</span> <span class='ocrx_word' id='word_1_180' title='bbox 814 1934 927 1976; x_wconf 72' lang='lat' dir='ltr'>dignis,</span> <span class='ocrx_word' id='word_1_181' title='bbox 942 1941 1051 1968; x_wconf 83' lang='lat' dir='ltr'>contra</span> 
     </span>
     <span class='ocr_line' id='line_1_36' title="bbox 308 1988 1051 2032; baseline 0 -11"><span class='ocrx_word' id='word_1_182' title='bbox 308 1988 558 2021; x_wconf 72' lang='lat' dir='ltr'>iurisdictionem</span> <span class='ocrx_word' id='word_1_183' title='bbox 581 1988 775 2031; x_wconf 83' lang='lat' dir='ltr'>spiritualem</span> <span class='ocrx_word' id='word_1_184' title='bbox 795 1993 823 2019; x_wconf 68' lang='lat' dir='ltr'>et</span> <span class='ocrx_word' id='word_1_185' title='bbox 844 1990 1051 2032; x_wconf 64' lang='lat' dir='ltr'>temporalem</span> 
     </span>
     <span class='ocr_line' id='line_1_37' title="bbox 307 2042 1051 2086; baseline 0.001 -12"><span class='ocrx_word' id='word_1_186' title='bbox 307 2043 448 2086; x_wconf 84' lang='lat' dir='ltr'>capituli,</span> <span class='ocrx_word' id='word_1_187' title='bbox 473 2053 527 2074; x_wconf 75' lang='lat' dir='ltr'>seu</span> <span class='ocrx_word' id='word_1_188' title='bbox 555 2042 662 2073; x_wconf 75' lang='lat' dir='ltr'>vieni-ii</span> <span class='ocrx_word' id='word_1_189' title='bbox 688 2042 882 2084; x_wconf 70' lang='lat' dir='ltr'>capitularis,</span> <span class='ocrx_word' id='word_1_190' title='bbox 908 2043 954 2074; x_wconf 78' lang='lat' dir='ltr'>rel</span> <span class='ocrx_word' id='word_1_191' title='bbox 974 2043 1051 2075; x_wconf 82' lang='lat' dir='ltr'>alio-</span> 
     </span>
     <span class='ocr_line' id='line_1_38' title="bbox 308 2095 1052 2137; baseline -0.001 -10"><span class='ocrx_word' id='word_1_192' title='bbox 308 2107 378 2128; x_wconf 88' lang='lat' dir='ltr'>rum</span> <span class='ocrx_word' id='word_1_193' title='bbox 406 2095 597 2127; x_wconf 69' lang='lat' dir='ltr'>vicariorum</span> <span class='ocrx_word' id='word_1_194' title='bbox 619 2099 646 2125; x_wconf 86' lang='lat' dir='ltr'>et</span> <span class='ocrx_word' id='word_1_195' title='bbox 678 2104 886 2137; x_wconf 79' lang='lat' dir='ltr'>personarum</span> <span class='ocrx_word' id='word_1_196' title='bbox 905 2106 940 2126; x_wconf 83' lang='lat' dir='ltr'>ae</span> <span class='ocrx_word' id='word_1_197' title='bbox 960 2095 1052 2127; x_wconf 88' lang='lat' dir='ltr'>mini-</span> 
     </span>
     <span class='ocr_line' id='line_1_39' title="bbox 307 2147 1052 2190; baseline -0.001 -10"><span class='ocrx_word' id='word_1_198' title='bbox 307 2153 447 2180; x_wconf 76' lang='lat' dir='ltr'>strorum</span> <span class='ocrx_word' id='word_1_199' title='bbox 474 2147 762 2179; x_wconf 75' lang='lat' dir='ltr'>ecelesiasticorum</span> <span class='ocrx_word' id='word_1_200' title='bbox 794 2147 1052 2190; x_wconf 71' lang='lat' dir='ltr'>praedit-torturi,</span> 
     </span>
     <span class='ocr_line' id='line_1_40' title="bbox 308 2200 1055 2244; baseline -0.001 -10"><span class='ocrx_word' id='word_1_201' title='bbox 308 2212 429 2234; x_wconf 76' lang='lat' dir='ltr'>necnon</span> <span class='ocrx_word' id='word_1_202' title='bbox 441 2205 550 2234; x_wconf 85' lang='lat' dir='ltr'>eontra</span> <span class='ocrx_word' id='word_1_203' title='bbox 568 2210 719 2244; x_wconf 74' lang='lat' dir='ltr'>personas</span> <span class='ocrx_word' id='word_1_204' title='bbox 733 2206 763 2232; x_wconf 87' lang='lat' dir='ltr'>et</span> <span class='ocrx_word' id='word_1_205' title='bbox 780 2200 873 2241; x_wconf 78' lang='lat' dir='ltr'>bona,</span> <span class='ocrx_word' id='word_1_206' title='bbox 888 2206 950 2233; x_wconf 88' lang='lat' dir='ltr'>tam</span> <span class='ocrx_word' id='word_1_207' title='bbox 970 2212 1055 2233; x_wconf 82' lang='lat' dir='ltr'>men-</span> 
     </span>
     <span class='ocr_line' id='line_1_41' title="bbox 307 2254 1054 2298; baseline 0 -11"><span class='ocrx_word' id='word_1_208' title='bbox 307 2266 359 2287; x_wconf 86' lang='lat' dir='ltr'>sae</span> <span class='ocrx_word' id='word_1_209' title='bbox 377 2254 578 2298; x_wconf 75' lang='lat' dir='ltr'>episcopalis,</span> <span class='ocrx_word' id='word_1_210' title='bbox 599 2265 694 2297; x_wconf 90' lang='lat' dir='ltr'>quam</span> <span class='ocrx_word' id='word_1_211' title='bbox 724 2254 909 2286; x_wconf 81' lang='lat' dir='ltr'>eorumdem</span> <span class='ocrx_word' id='word_1_212' title='bbox 928 2265 963 2286; x_wconf 76' lang='lat' dir='ltr'>ae</span> <span class='ocrx_word' id='word_1_213' title='bbox 981 2255 1054 2287; x_wconf 92' lang='lat' dir='ltr'>alio-</span> 
     </span>
     <span class='ocr_line' id='line_1_42' title="bbox 308 2307 1054 2351; baseline 0 -11"><span class='ocrx_word' id='word_1_214' title='bbox 308 2319 379 2340; x_wconf 90' lang='lat' dir='ltr'>rum</span> <span class='ocrx_word' id='word_1_215' title='bbox 397 2307 695 2346; x_wconf 77' lang='lat' dir='ltr'>ecclesiastieorum,</span> <span class='ocrx_word' id='word_1_216' title='bbox 713 2318 748 2339; x_wconf 84' lang='lat' dir='ltr'>ae</span> <span class='ocrx_word' id='word_1_217' title='bbox 774 2307 804 2339; x_wconf 90' lang='lat' dir='ltr'>in</span> <span class='ocrx_word' id='word_1_218' title='bbox 829 2311 857 2340; x_wconf 90' lang='lat' dir='ltr'>et</span> <span class='ocrx_word' id='word_1_219' title='bbox 874 2318 969 2350; x_wconf 85' lang='lat' dir='ltr'>super</span> <span class='ocrx_word' id='word_1_220' title='bbox 986 2318 1054 2351; x_wconf 86' lang='lat' dir='ltr'>per-</span> 
     </span>
     <span class='ocr_line' id='line_1_43' title="bbox 308 2360 1052 2401; baseline -0.001 -8"><span class='ocrx_word' id='word_1_221' title='bbox 308 2362 393 2393; x_wconf 88' lang='lat' dir='ltr'>sonis</span> <span class='ocrx_word' id='word_1_222' title='bbox 419 2366 448 2393; x_wconf 87' lang='lat' dir='ltr'>et</span> <span class='ocrx_word' id='word_1_223' title='bbox 474 2361 564 2394; x_wconf 77' lang='lat' dir='ltr'>boniS</span> <span class='ocrx_word' id='word_1_224' title='bbox 589 2371 624 2393; x_wconf 87' lang='lat' dir='ltr'>ae</span> <span class='ocrx_word' id='word_1_225' title='bbox 656 2360 776 2392; x_wconf 89' lang='lat' dir='ltr'>iuribus</span> <span class='ocrx_word' id='word_1_226' title='bbox 809 2360 1052 2401; x_wconf 82' lang='lat' dir='ltr'>ecelesiasticis,</span> 
     </span>
     <span class='ocr_line' id='line_1_44' title="bbox 308 2413 1052 2457; baseline -0.003 -10"><span class='ocrx_word' id='word_1_227' title='bbox 308 2415 402 2447; x_wconf 77' lang='lat' dir='ltr'>fuisse</span> <span class='ocrx_word' id='word_1_228' title='bbox 417 2420 446 2447; x_wconf 83' lang='lat' dir='ltr'>et</span> <span class='ocrx_word' id='word_1_229' title='bbox 463 2425 531 2447; x_wconf 83' lang='lat' dir='ltr'>esse</span> <span class='ocrx_word' id='word_1_230' title='bbox 548 2414 617 2457; x_wconf 84' lang='lat' dir='ltr'>ipso</span> <span class='ocrx_word' id='word_1_231' title='bbox 632 2413 699 2446; x_wconf 86' lang='lat' dir='ltr'>iure</span> <span class='ocrx_word' id='word_1_232' title='bbox 716 2414 819 2446; x_wconf 89' lang='lat' dir='ltr'>nullos</span> <span class='ocrx_word' id='word_1_233' title='bbox 839 2419 869 2446; x_wconf 90' lang='lat' dir='ltr'>et</span> <span class='ocrx_word' id='word_1_234' title='bbox 889 2414 1052 2456; x_wconf 72' lang='lat' dir='ltr'>invalidos,</span> 
     </span>
     <span class='ocr_line' id='line_1_45' title="bbox 308 2466 1053 2512; baseline 0.001 -13"><span class='ocrx_word' id='word_1_235' title='bbox 308 2479 344 2500; x_wconf 89' lang='lat' dir='ltr'>ac</span> <span class='ocrx_word' id='word_1_236' title='bbox 369 2469 486 2500; x_wconf 86' lang='lat' dir='ltr'>nullius</span> <span class='ocrx_word' id='word_1_237' title='bbox 516 2468 608 2512; x_wconf 85' lang='lat' dir='ltr'>plane</span> <span class='ocrx_word' id='word_1_238' title='bbox 639 2466 764 2500; x_wconf 82' lang='lat' dir='ltr'>roboris</span> <span class='ocrx_word' id='word_1_239' title='bbox 801 2467 847 2499; x_wconf 77' lang='lat' dir='ltr'>vel</span> <span class='ocrx_word' id='word_1_240' title='bbox 882 2468 1053 2509; x_wconf 85' lang='lat' dir='ltr'>momenti,</span> 
     </span>
     <span class='ocr_line' id='line_1_46' title="bbox 309 2521 1055 2564; baseline 0 -12"><span class='ocrx_word' id='word_1_241' title='bbox 309 2521 529 2564; x_wconf 81' lang='lat' dir='ltr'>imlebitosque</span> <span class='ocrx_word' id='word_1_242' title='bbox 561 2526 592 2554; x_wconf 89' lang='lat' dir='ltr'>et</span> <span class='ocrx_word' id='word_1_243' title='bbox 621 2521 746 2554; x_wconf 82' lang='lat' dir='ltr'>illicitos</span> <span class='ocrx_word' id='word_1_244' title='bbox 781 2531 817 2553; x_wconf 89' lang='lat' dir='ltr'>ae</span> <span class='ocrx_word' id='word_1_245' title='bbox 846 2521 1000 2554; x_wconf 76' lang='lat' dir='ltr'>violentos</span> <span class='ocrx_word' id='word_1_246' title='bbox 1024 2525 1055 2552; x_wconf 85' lang='lat' dir='ltr'>et</span> 
     </span>
     <span class='ocr_line' id='line_1_47' title="bbox 308 2573 1055 2618; baseline -0.001 -11"><span class='ocrx_word' id='word_1_247' title='bbox 308 2574 347 2607; x_wconf 87' lang='lat' dir='ltr'>de</span> <span class='ocrx_word' id='word_1_248' title='bbox 367 2574 449 2607; x_wconf 79' lang='lat' dir='ltr'>sacto</span> <span class='ocrx_word' id='word_1_249' title='bbox 465 2579 698 2618; x_wconf 84' lang='lat' dir='ltr'>praesumptos,</span> <span class='ocrx_word' id='word_1_250' title='bbox 722 2574 908 2618; x_wconf 86' lang='lat' dir='ltr'>nullumque</span> <span class='ocrx_word' id='word_1_251' title='bbox 933 2573 1055 2618; x_wconf 81' lang='lat' dir='ltr'>praeiu-</span> 
     </span>
    </p>
   </div>
   <div class='ocr_carea' id='block_1_3' title="bbox 1067 247 1073 2618">
    <p class='ocr_par' dir='ltr' id='par_1_3' title="bbox 1067 247 1073 2618">
     <span class='ocr_line' id='line_1_48' title="bbox 1067 247 1073 2618; baseline 0 0"><span class='ocrx_word' id='word_1_252' title='bbox 1067 247 1073 2618; x_wconf 95' lang='lat' dir='ltr'> </span> 
     </span>
    </p>
   </div>
   <div class='ocr_carea' id='block_1_4' title="bbox 891 183 1250 207">
    <p class='ocr_par' dir='ltr' id='par_1_4' title="bbox 891 183 1250 207">
     <span class='ocr_line' id='line_1_49' title="bbox 891 183 1250 207; baseline 0.003 -2"><span class='ocrx_word' id='word_1_253' title='bbox 891 183 1071 206; x_wconf 77' lang='lat' dir='ltr'><strong>BULLARIL&#39;M</strong></span> <span class='ocrx_word' id='word_1_254' title='bbox 1096 183 1250 207; x_wconf 72' lang='lat' dir='ltr'><strong>ROMANUM</strong></span> 
     </span>
    </p>
   </div>
   <div class='ocr_carea' id='block_1_5' title="bbox 1085 229 1831 911">
    <p class='ocr_par' dir='ltr' id='par_1_5' title="bbox 1085 229 1831 911">
     <span class='ocr_line' id='line_1_50' title="bbox 1085 229 1830 275; baseline 0.008 -14"><span class='ocrx_word' id='word_1_255' title='bbox 1085 229 1202 262; x_wconf 83' lang='lat' dir='ltr'>dicium</span> <span class='ocrx_word' id='word_1_256' title='bbox 1217 231 1336 263; x_wconf 85' lang='lat' dir='ltr'>eisdem</span> <span class='ocrx_word' id='word_1_257' title='bbox 1350 232 1498 275; x_wconf 85' lang='lat' dir='ltr'>capitulo,</span> <span class='ocrx_word' id='word_1_258' title='bbox 1516 234 1651 275; x_wconf 70' lang='lat' dir='ltr'>vicariis,</span> <span class='ocrx_word' id='word_1_259' title='bbox 1665 235 1830 275; x_wconf 79' lang='lat' dir='ltr'>ministris,</span> 
     </span>
     <span class='ocr_line' id='line_1_51' title="bbox 1085 282 1829 326; baseline 0.009 -14"><span class='ocrx_word' id='word_1_260' title='bbox 1085 282 1230 324; x_wconf 85' lang='lat' dir='ltr'>personis</span> <span class='ocrx_word' id='word_1_261' title='bbox 1254 287 1285 314; x_wconf 83' lang='lat' dir='ltr'>et</span> <span class='ocrx_word' id='word_1_262' title='bbox 1308 282 1399 315; x_wconf 88' lang='lat' dir='ltr'>bonis</span> <span class='ocrx_word' id='word_1_263' title='bbox 1424 284 1644 317; x_wconf 80' lang='lat' dir='ltr'>ecclesiasticis</span> <span class='ocrx_word' id='word_1_264' title='bbox 1668 284 1829 326; x_wconf 89' lang='lat' dir='ltr'>intulisse,</span> 
     </span>
     <span class='ocr_line' id='line_1_52' title="bbox 1085 334 1829 379; baseline 0.007 -13"><span class='ocrx_word' id='word_1_265' title='bbox 1085 344 1143 367; x_wconf 88' lang='lat' dir='ltr'>nee</span> <span class='ocrx_word' id='word_1_266' title='bbox 1168 334 1296 375; x_wconf 82' lang='lat' dir='ltr'>inferre,</span> <span class='ocrx_word' id='word_1_267' title='bbox 1314 346 1416 378; x_wconf 87' lang='lat' dir='ltr'>neque</span> <span class='ocrx_word' id='word_1_268' title='bbox 1442 336 1538 369; x_wconf 87' lang='lat' dir='ltr'>ullum</span> <span class='ocrx_word' id='word_1_269' title='bbox 1565 343 1681 370; x_wconf 88' lang='lat' dir='ltr'>statum</span> <span class='ocrx_word' id='word_1_270' title='bbox 1708 338 1829 379; x_wconf 79' lang='lat' dir='ltr'>fecisse,</span> 
     </span>
     <span class='ocr_line' id='line_1_53' title="bbox 1085 388 1831 432; baseline 0.007 -13"><span class='ocrx_word' id='word_1_271' title='bbox 1085 392 1138 419; x_wconf 90' lang='lat' dir='ltr'>aut</span> <span class='ocrx_word' id='word_1_272' title='bbox 1164 388 1287 429; x_wconf 83' lang='lat' dir='ltr'>faeere,</span> <span class='ocrx_word' id='word_1_273' title='bbox 1312 398 1371 421; x_wconf 85' lang='lat' dir='ltr'>nee</span> <span class='ocrx_word' id='word_1_274' title='bbox 1395 389 1522 432; x_wconf 79' lang='lat' dir='ltr'>aliquod</span> <span class='ocrx_word' id='word_1_275' title='bbox 1547 391 1678 423; x_wconf 90' lang='lat' dir='ltr'>omnino</span> <span class='ocrx_word' id='word_1_276' title='bbox 1703 392 1751 423; x_wconf 90' lang='lat' dir='ltr'>ius</span> <span class='ocrx_word' id='word_1_277' title='bbox 1775 396 1831 424; x_wconf 75' lang='lat' dir='ltr'>aut,</span> 
     </span>
     <span class='ocr_line' id='line_1_54' title="bbox 1086 441 1831 488; baseline 0.007 -16"><span class='ocrx_word' id='word_1_278' title='bbox 1086 441 1222 483; x_wconf 86' lang='lat' dir='ltr'>titulum,</span> <span class='ocrx_word' id='word_1_279' title='bbox 1248 442 1295 474; x_wconf 86' lang='lat' dir='ltr'>vel</span> <span class='ocrx_word' id='word_1_280' title='bbox 1322 442 1566 485; x_wconf 81' lang='lat' dir='ltr'>possessionem,</span> <span class='ocrx_word' id='word_1_281' title='bbox 1593 444 1638 475; x_wconf 89' lang='lat' dir='ltr'>vel</span> <span class='ocrx_word' id='word_1_282' title='bbox 1664 444 1831 488; x_wconf 87' lang='lat' dir='ltr'>quasi‚tri-</span> 
     </span>
     <span class='ocr_line' id='line_1_55' title="bbox 1086 494 1830 540; baseline 0.005 -14"><span class='ocrx_word' id='word_1_283' title='bbox 1086 494 1191 527; x_wconf 84' lang='lat' dir='ltr'>buisse</span> <span class='ocrx_word' id='word_1_284' title='bbox 1217 495 1264 527; x_wconf 85' lang='lat' dir='ltr'>vel</span> <span class='ocrx_word' id='word_1_285' title='bbox 1291 495 1432 527; x_wconf 87' lang='lat' dir='ltr'>tribuere</span> <span class='ocrx_word' id='word_1_286' title='bbox 1457 506 1594 539; x_wconf 89' lang='lat' dir='ltr'>unquam</span> <span class='ocrx_word' id='word_1_287' title='bbox 1620 508 1710 540; x_wconf 87' lang='lat' dir='ltr'>posse</span> <span class='ocrx_word' id='word_1_288' title='bbox 1736 498 1767 529; x_wconf 91' lang='lat' dir='ltr'>in</span> <span class='ocrx_word' id='word_1_289' title='bbox 1789 498 1830 530; x_wconf 84' lang='lat' dir='ltr'>sa-</span> 
     </span>
     <span class='ocr_line' id='line_1_56' title="bbox 1087 548 1830 591; baseline 0.007 -13"><span class='ocrx_word' id='word_1_290' title='bbox 1087 558 1194 580; x_wconf 61' lang='lat' dir='ltr'>vorem</span> <span class='ocrx_word' id='word_1_291' title='bbox 1227 548 1462 591; x_wconf 79' lang='lat' dir='ltr'>praedictorum</span> <span class='ocrx_word' id='word_1_292' title='bbox 1488 550 1654 582; x_wconf 81' lang='lat' dir='ltr'>oeconomi</span> <span class='ocrx_word' id='word_1_293' title='bbox 1680 556 1711 582; x_wconf 88' lang='lat' dir='ltr'>et</span> <span class='ocrx_word' id='word_1_294' title='bbox 1735 551 1830 583; x_wconf 88' lang='lat' dir='ltr'>mini-</span> 
     </span>
     <span class='ocr_line' id='line_1_57' title="bbox 1085 602 1830 645; baseline 0.007 -13"><span class='ocrx_word' id='word_1_295' title='bbox 1085 606 1236 641; x_wconf 84' lang='lat' dir='ltr'>strorum,</span> <span class='ocrx_word' id='word_1_296' title='bbox 1263 602 1511 645; x_wconf 76' lang='lat' dir='ltr'>officialiumque</span> <span class='ocrx_word' id='word_1_297' title='bbox 1536 602 1698 644; x_wconf 80' lang='lat' dir='ltr'>regiorum</span> <span class='ocrx_word' id='word_1_298' title='bbox 1731 608 1761 636; x_wconf 84' lang='lat' dir='ltr'>et</span> <span class='ocrx_word' id='word_1_299' title='bbox 1786 604 1830 636; x_wconf 83' lang='lat' dir='ltr'>ei-</span> 
     </span>
     <span class='ocr_line' id='line_1_58' title="bbox 1087 653 1830 698; baseline 0.005 -14"><span class='ocrx_word' id='word_1_300' title='bbox 1087 653 1187 685; x_wconf 72' lang='lat' dir='ltr'>ritat1s</span> <span class='ocrx_word' id='word_1_301' title='bbox 1211 654 1402 698; x_wconf 67' lang='lat' dir='ltr'>praedictae,</span> <span class='ocrx_word' id='word_1_302' title='bbox 1422 665 1458 687; x_wconf 88' lang='lat' dir='ltr'>ae</span> <span class='ocrx_word' id='word_1_303' title='bbox 1472 655 1658 698; x_wconf 77' lang='lat' dir='ltr'>quorumvis</span> <span class='ocrx_word' id='word_1_304' title='bbox 1683 656 1830 696; x_wconf 82' lang='lat' dir='ltr'>aliorum,</span> 
     </span>
     <span class='ocr_line' id='line_1_59' title="bbox 1085 706 1829 751; baseline 0.004 -14"><span class='ocrx_word' id='word_1_305' title='bbox 1085 706 1312 751; x_wconf 80' lang='lat' dir='ltr'>cuiuscumque</span> <span class='ocrx_word' id='word_1_306' title='bbox 1338 712 1445 748; x_wconf 85' lang='lat' dir='ltr'>status,</span> <span class='ocrx_word' id='word_1_307' title='bbox 1472 708 1604 750; x_wconf 76' lang='lat' dir='ltr'>gradus,</span> <span class='ocrx_word' id='word_1_308' title='bbox 1630 708 1829 749; x_wconf 83' lang='lat' dir='ltr'>conditionis,</span> 
     </span>
     <span class='ocr_line' id='line_1_60' title="bbox 1085 760 1830 804; baseline 0.007 -15"><span class='ocrx_word' id='word_1_309' title='bbox 1085 760 1264 802; x_wconf 88' lang='lat' dir='ltr'>qualitatis,</span> <span class='ocrx_word' id='word_1_310' title='bbox 1298 761 1566 804; x_wconf 68' lang='lat' dir='ltr'>praeeminentiae</span> <span class='ocrx_word' id='word_1_311' title='bbox 1601 766 1631 793; x_wconf 85' lang='lat' dir='ltr'>et</span> <span class='ocrx_word' id='word_1_312' title='bbox 1668 761 1830 803; x_wconf 79' lang='lat' dir='ltr'>dignitatis</span> 
     </span>
     <span class='ocr_line' id='line_1_61' title="bbox 1085 813 1828 858; baseline 0.004 -14"><span class='ocrx_word' id='word_1_313' title='bbox 1085 813 1284 845; x_wconf 78' lang='lat' dir='ltr'>existentium</span> <span class='ocrx_word' id='word_1_314' title='bbox 1311 819 1341 846; x_wconf 86' lang='lat' dir='ltr'>et</span> <span class='ocrx_word' id='word_1_315' title='bbox 1365 814 1526 847; x_wconf 74' lang='lat' dir='ltr'>individua</span> <span class='ocrx_word' id='word_1_316' title='bbox 1552 814 1754 858; x_wconf 81' lang='lat' dir='ltr'>expressione</span> <span class='ocrx_word' id='word_1_317' title='bbox 1777 815 1828 847; x_wconf 95' lang='lat' dir='ltr'>di-</span> 
     </span>
     <span class='ocr_line' id='line_1_62' title="bbox 1085 866 1830 911; baseline 0.005 -15"><span class='ocrx_word' id='word_1_318' title='bbox 1085 875 1232 907; x_wconf 79' lang='lat' dir='ltr'>gnorum,</span> <span class='ocrx_word' id='word_1_319' title='bbox 1258 866 1468 907; x_wconf 77' lang='lat' dir='ltr'>declaramus,</span> <span class='ocrx_word' id='word_1_320' title='bbox 1493 878 1545 908; x_wconf 82' lang='lat' dir='ltr'>ae,</span> <span class='ocrx_word' id='word_1_321' title='bbox 1572 873 1726 910; x_wconf 84' lang='lat' dir='ltr'>quatenus</span> <span class='ocrx_word' id='word_1_322' title='bbox 1750 878 1830 911; x_wconf 86' lang='lat' dir='ltr'>opus</span> 
     </span>
    </p>
   </div>
   <div class='ocr_carea' id='block_1_6' title="bbox 1845 188 2030 223">
    <p class='ocr_par' dir='ltr' id='par_1_6' title="bbox 1845 188 2030 223">
     <span class='ocr_line' id='line_1_63' title="bbox 1845 188 2030 223; baseline 0.022 -9"><span class='ocrx_word' id='word_1_323' title='bbox 1845 188 1896 215; x_wconf 81' lang='lat' dir='ltr'>An.</span> <span class='ocrx_word' id='word_1_324' title='bbox 1911 189 1942 216; x_wconf 88' lang='lat' dir='ltr'>C.</span> <span class='ocrx_word' id='word_1_325' title='bbox 1963 190 2030 223; x_wconf 63' lang='lat'>5642</span> 
     </span>
    </p>
   </div>
   <div class='ocr_carea' id='block_1_7' title="bbox 1085 919 1906 969">
    <p class='ocr_par' dir='ltr' id='par_1_7' title="bbox 1085 919 1906 969">
     <span class='ocr_line' id='line_1_64' title="bbox 1085 919 1906 969; baseline 0.004 -19"><span class='ocrx_word' id='word_1_326' title='bbox 1085 919 1140 957; x_wconf 82' lang='lat' dir='ltr'>sit,</span> <span class='ocrx_word' id='word_1_327' title='bbox 1166 919 1294 951; x_wconf 84' lang='lat' dir='ltr'>eosdem</span> <span class='ocrx_word' id='word_1_328' title='bbox 1320 925 1409 952; x_wconf 81' lang='lat' dir='ltr'>aetus</span> <span class='ocrx_word' id='word_1_329' title='bbox 1434 931 1505 952; x_wconf 87' lang='lat' dir='ltr'>eum</span> <span class='ocrx_word' id='word_1_330' title='bbox 1532 921 1681 953; x_wconf 84' lang='lat' dir='ltr'>omnibus</span> <span class='ocrx_word' id='word_1_331' title='bbox 1705 925 1735 953; x_wconf 85' lang='lat' dir='ltr'>et</span> <span class='ocrx_word' id='word_1_332' title='bbox 1760 920 1906 969; x_wconf 37' lang='lat' dir='ltr'>sin-fs,</span> 
     </span>
    </p>
   </div>
   <div class='ocr_carea' id='block_1_8' title="bbox 1085 973 1831 1177">
    <p class='ocr_par' dir='ltr' id='par_1_8' title="bbox 1085 973 1830 1112">
     <span class='ocr_line' id='line_1_65' title="bbox 1085 973 1830 1017; baseline 0.003 -13"><span class='ocrx_word' id='word_1_333' title='bbox 1085 973 1167 1014; x_wconf 66' lang='lat' dir='ltr'>gulis</span> <span class='ocrx_word' id='word_1_334' title='bbox 1182 973 1253 1005; x_wconf 86' lang='lat' dir='ltr'>inde</span> <span class='ocrx_word' id='word_1_335' title='bbox 1271 973 1412 1017; x_wconf 88' lang='lat' dir='ltr'>sequutis</span> <span class='ocrx_word' id='word_1_336' title='bbox 1430 974 1640 1016; x_wconf 80' lang='lat' dir='ltr'>annullamus,</span> <span class='ocrx_word' id='word_1_337' title='bbox 1656 974 1830 1015; x_wconf 85' lang='lat' dir='ltr'>irritamus,</span> 
     </span>
     <span class='ocr_line' id='line_1_66' title="bbox 1086 1026 1830 1071; baseline 0.004 -14"><span class='ocrx_word' id='word_1_338' title='bbox 1086 1037 1255 1066; x_wconf 78' lang='lat' dir='ltr'>cassamus,</span> <span class='ocrx_word' id='word_1_339' title='bbox 1281 1026 1476 1068; x_wconf 81' lang='lat' dir='ltr'>damnamus,</span> <span class='ocrx_word' id='word_1_340' title='bbox 1503 1027 1687 1071; x_wconf 79' lang='lat' dir='ltr'>viribusque</span> <span class='ocrx_word' id='word_1_341' title='bbox 1704 1033 1734 1060; x_wconf 88' lang='lat' dir='ltr'>et</span> <span class='ocrx_word' id='word_1_342' title='bbox 1754 1027 1830 1060; x_wconf 79' lang='lat' dir='ltr'>effe-</span> 
     </span>
     <span class='ocr_line' id='line_1_67' title="bbox 1086 1086 1361 1112; baseline 0 -1"><span class='ocrx_word' id='word_1_343' title='bbox 1086 1086 1137 1112; x_wconf 67' lang='lat' dir='ltr'>ctu</span> <span class='ocrx_word' id='word_1_344' title='bbox 1162 1090 1361 1112; x_wconf 75' lang='lat' dir='ltr'>evacuamus.</span> 
     </span>
    </p>

    <p class='ocr_par' dir='ltr' id='par_1_9' title="bbox 1130 1134 1831 1177">
     <span class='ocr_line' id='line_1_68' title="bbox 1130 1134 1831 1177; baseline 0.001 -12"><span class='ocrx_word' id='word_1_345' title='bbox 1130 1135 1144 1176; x_wconf 64' lang='lat' dir='ltr'>g</span> <span class='ocrx_word' id='word_1_346' title='bbox 1174 1134 1202 1165; x_wconf 79' lang='lat'>5.</span> <span class='ocrx_word' id='word_1_347' title='bbox 1237 1134 1445 1166; x_wconf 73' lang='lat' dir='ltr'>Decet-nentes</span> <span class='ocrx_word' id='word_1_348' title='bbox 1477 1137 1660 1177; x_wconf 80' lang='lat' dir='ltr'>praesentes</span> <span class='ocrx_word' id='word_1_349' title='bbox 1691 1134 1831 1175; x_wconf 83' lang='lat' dir='ltr'>litteras,</span> 
     </span>
    </p>
   </div>
   <div class='ocr_carea' id='block_1_9' title="bbox 1862 1149 2034 1179">
    <p class='ocr_par' dir='ltr' id='par_1_10' title="bbox 1862 1149 2034 1179">
     <span class='ocr_line' id='line_1_69' title="bbox 1862 1149 2034 1179; baseline 0.012 -10"><span class='ocrx_word' id='word_1_350' title='bbox 1862 1149 1979 1179; x_wconf 30' lang='lat' dir='ltr'>*Clausulas</span> <span class='ocrx_word' id='word_1_351' title='bbox 1992 1149 2034 1171; x_wconf 76' lang='lat' dir='ltr'>ad·</span> 
     </span>
    </p>
   </div>
   <div class='ocr_carea' id='block_1_10' title="bbox 1085 1175 1885 1230">
    <p class='ocr_par' dir='ltr' id='par_1_11' title="bbox 1085 1175 1885 1230">
     <span class='ocr_line' id='line_1_70' title="bbox 1085 1175 1885 1230; baseline 0.001 -12"><span class='ocrx_word' id='word_1_352' title='bbox 1085 1199 1120 1218; x_wconf 80' lang='lat' dir='ltr'>ae</span> <span class='ocrx_word' id='word_1_353' title='bbox 1139 1188 1169 1219; x_wconf 88' lang='lat' dir='ltr'>in</span> <span class='ocrx_word' id='word_1_354' title='bbox 1188 1187 1232 1219; x_wconf 83' lang='lat' dir='ltr'>eis</span> <span class='ocrx_word' id='word_1_355' title='bbox 1251 1193 1398 1219; x_wconf 74' lang='lat' dir='ltr'>contenta</span> <span class='ocrx_word' id='word_1_356' title='bbox 1414 1198 1645 1230; x_wconf 79' lang='lat' dir='ltr'>quaecumque,</span> <span class='ocrx_word' id='word_1_357' title='bbox 1661 1187 1748 1219; x_wconf 88' lang='lat' dir='ltr'>nullo</span> <span class='ocrx_word' id='word_1_358' title='bbox 1767 1198 1832 1219; x_wconf 87' lang='lat' dir='ltr'>um-</span> <span class='ocrx_word' id='word_1_359' title='bbox 1845 1175 1885 1198; x_wconf 57' lang='grc' dir='ltr'>(ω’</span> 
     </span>
    </p>
   </div>
   <div class='ocr_carea' id='block_1_11' title="bbox 1085 1241 1834 2510">
    <p class='ocr_par' dir='ltr' id='par_1_12' title="bbox 1085 1241 1834 2510">
     <span class='ocr_line' id='line_1_71' title="bbox 1085 1241 1832 1284; baseline 0.003 -12"><span class='ocrx_word' id='word_1_360' title='bbox 1085 1252 1179 1284; x_wconf 81' lang='lat' dir='ltr'>quam</span> <span class='ocrx_word' id='word_1_361' title='bbox 1206 1247 1348 1284; x_wconf 72' lang='lat' dir='ltr'>tempore</span> <span class='ocrx_word' id='word_1_362' title='bbox 1368 1241 1406 1273; x_wconf 85' lang='lat' dir='ltr'>de</span> <span class='ocrx_word' id='word_1_363' title='bbox 1423 1241 1649 1284; x_wconf 80' lang='lat' dir='ltr'>subreptionis,</span> <span class='ocrx_word' id='word_1_364' title='bbox 1662 1241 1832 1284; x_wconf 64' lang='lat' dir='ltr'>&gt;obreptio-</span> 
     </span>
     <span class='ocr_line' id='line_1_72' title="bbox 1085 1294 1832 1335; baseline 0.001 -10"><span class='ocrx_word' id='word_1_365' title='bbox 1085 1294 1132 1325; x_wconf 90' lang='lat' dir='ltr'>nis</span> <span class='ocrx_word' id='word_1_366' title='bbox 1150 1320 1157 1333; x_wconf 93' lang='lat'>,</span> <span class='ocrx_word' id='word_1_367' title='bbox 1181 1299 1233 1327; x_wconf 90' lang='lat' dir='ltr'>aut</span> <span class='ocrx_word' id='word_1_368' title='bbox 1264 1294 1415 1325; x_wconf 88' lang='lat' dir='ltr'>nullitatis</span> <span class='ocrx_word' id='word_1_369' title='bbox 1447 1294 1542 1335; x_wconf 72' lang='lat' dir='ltr'>vitio,</span> <span class='ocrx_word' id='word_1_370' title='bbox 1568 1295 1616 1326; x_wconf 76' lang='lat' dir='ltr'>rel</span> <span class='ocrx_word' id='word_1_371' title='bbox 1649 1294 1832 1327; x_wconf 87' lang='lat' dir='ltr'>intentionis</span> 
     </span>
     <span class='ocr_line' id='line_1_73' title="bbox 1085 1347 1833 1390; baseline 0.003 -13"><span class='ocrx_word' id='word_1_372' title='bbox 1085 1352 1211 1378; x_wconf 69' lang='lat' dir='ltr'>nostrae</span> <span class='ocrx_word' id='word_1_373' title='bbox 1229 1352 1282 1378; x_wconf 85' lang='lat' dir='ltr'>aut</span> <span class='ocrx_word' id='word_1_374' title='bbox 1301 1347 1362 1379; x_wconf 88' lang='lat' dir='ltr'>alio</span> <span class='ocrx_word' id='word_1_375' title='bbox 1381 1347 1613 1389; x_wconf 83' lang='lat' dir='ltr'>quantumlibet</span> <span class='ocrx_word' id='word_1_376' title='bbox 1641 1358 1766 1390; x_wconf 82' lang='lat' dir='ltr'>magno,</span> <span class='ocrx_word' id='word_1_377' title='bbox 1788 1348 1833 1379; x_wconf 84' lang='lat' dir='ltr'>in-</span> 
     </span>
     <span class='ocr_line' id='line_1_74' title="bbox 1085 1400 1831 1441; baseline 0.005 -11"><span class='ocrx_word' id='word_1_378' title='bbox 1085 1400 1263 1441; x_wconf 61' lang='lat' dir='ltr'>excogitato</span> <span class='ocrx_word' id='word_1_379' title='bbox 1288 1405 1317 1431; x_wconf 87' lang='lat' dir='ltr'>et</span> <span class='ocrx_word' id='word_1_380' title='bbox 1343 1400 1536 1432; x_wconf 80' lang='lat' dir='ltr'>substantiali</span> <span class='ocrx_word' id='word_1_381' title='bbox 1563 1401 1697 1441; x_wconf 65' lang='lat' dir='ltr'>defectu,</span> <span class='ocrx_word' id='word_1_382' title='bbox 1715 1406 1769 1433; x_wconf 79' lang='lat' dir='ltr'>aut</span> <span class='ocrx_word' id='word_1_383' title='bbox 1793 1411 1831 1435; x_wconf 80' lang='lat' dir='ltr'>ex</span> 
     </span>
     <span class='ocr_line' id='line_1_75' title="bbox 1085 1453 1832 1496; baseline 0.004 -13"><span class='ocrx_word' id='word_1_384' title='bbox 1085 1453 1196 1495; x_wconf 74' lang='lat' dir='ltr'>quovis</span> <span class='ocrx_word' id='word_1_385' title='bbox 1222 1453 1284 1485; x_wconf 86' lang='lat' dir='ltr'>alio</span> <span class='ocrx_word' id='word_1_386' title='bbox 1310 1453 1421 1496; x_wconf 71' lang='lat' dir='ltr'>eapite,</span> <span class='ocrx_word' id='word_1_387' title='bbox 1436 1464 1453 1485; x_wconf 84' lang='lat' dir='ltr'>a</span> <span class='ocrx_word' id='word_1_388' title='bbox 1479 1453 1558 1493; x_wconf 85' lang='lat' dir='ltr'>iure,</span> <span class='ocrx_word' id='word_1_389' title='bbox 1581 1455 1675 1494; x_wconf 83' lang='lat' dir='ltr'>saeto,</span> <span class='ocrx_word' id='word_1_390' title='bbox 1692 1459 1746 1486; x_wconf 90' lang='lat' dir='ltr'>aut</span> <span class='ocrx_word' id='word_1_391' title='bbox 1769 1459 1832 1486; x_wconf 84' lang='lat' dir='ltr'>sta—</span> 
     </span>
     <span class='ocr_line' id='line_1_76' title="bbox 1087 1506 1831 1550; baseline 0.003 -13"><span class='ocrx_word' id='word_1_392' title='bbox 1087 1511 1162 1547; x_wconf 87' lang='lat' dir='ltr'>tuto,</span> <span class='ocrx_word' id='word_1_393' title='bbox 1182 1506 1227 1537; x_wconf 71' lang='lat' dir='ltr'>rel</span> <span class='ocrx_word' id='word_1_394' title='bbox 1249 1507 1478 1538; x_wconf 71' lang='lat' dir='ltr'>consuetudine</span> <span class='ocrx_word' id='word_1_395' title='bbox 1504 1508 1686 1546; x_wconf 80' lang='lat' dir='ltr'>resultante,</span> <span class='ocrx_word' id='word_1_396' title='bbox 1703 1518 1738 1539; x_wconf 87' lang='lat' dir='ltr'>ae</span> <span class='ocrx_word' id='word_1_397' title='bbox 1752 1517 1831 1550; x_wconf 88' lang='lat' dir='ltr'>quo-</span> 
     </span>
     <span class='ocr_line' id='line_1_77' title="bbox 1086 1560 1830 1603; baseline 0.004 -14"><span class='ocrx_word' id='word_1_398' title='bbox 1086 1570 1221 1602; x_wconf 74' lang='lat' dir='ltr'>cumque</span> <span class='ocrx_word' id='word_1_399' title='bbox 1246 1560 1307 1591; x_wconf 83' lang='lat' dir='ltr'>alio</span> <span class='ocrx_word' id='word_1_400' title='bbox 1333 1560 1451 1599; x_wconf 80' lang='lat' dir='ltr'>colore,</span> <span class='ocrx_word' id='word_1_401' title='bbox 1470 1560 1517 1591; x_wconf 84' lang='lat' dir='ltr'>vel</span> <span class='ocrx_word' id='word_1_402' title='bbox 1543 1566 1717 1603; x_wconf 76' lang='lat' dir='ltr'>praetextu,</span> <span class='ocrx_word' id='word_1_403' title='bbox 1735 1560 1830 1592; x_wconf 80' lang='lat' dir='ltr'>etiam</span> 
     </span>
     <span class='ocr_line' id='line_1_78' title="bbox 1087 1613 1830 1656; baseline 0.005 -12"><span class='ocrx_word' id='word_1_404' title='bbox 1087 1613 1116 1644; x_wconf 89' lang='lat' dir='ltr'>in</span> <span class='ocrx_word' id='word_1_405' title='bbox 1131 1623 1265 1656; x_wconf 78' lang='lat' dir='ltr'>corpore</span> <span class='ocrx_word' id='word_1_406' title='bbox 1280 1613 1357 1644; x_wconf 86' lang='lat' dir='ltr'>iuris</span> <span class='ocrx_word' id='word_1_407' title='bbox 1368 1614 1486 1652; x_wconf 65' lang='lat' dir='ltr'>clauso,</span> <span class='ocrx_word' id='word_1_408' title='bbox 1500 1624 1554 1645; x_wconf 84' lang='lat' dir='ltr'>seu</span> <span class='ocrx_word' id='word_1_409' title='bbox 1567 1613 1613 1645; x_wconf 74' lang='lat' dir='ltr'>ex&#39;</span> <span class='ocrx_word' id='word_1_410' title='bbox 1629 1614 1830 1656; x_wconf 84' lang='lat' dir='ltr'>quantumvis</span> 
     </span>
     <span class='ocr_line' id='line_1_79' title="bbox 1088 1666 1832 1710; baseline 0.001 -13"><span class='ocrx_word' id='word_1_411' title='bbox 1088 1666 1191 1705; x_wconf 77' lang='lat' dir='ltr'>iusta,</span> <span class='ocrx_word' id='word_1_412' title='bbox 1218 1666 1396 1698; x_wconf 79' lang='lat' dir='ltr'>rationabili</span> <span class='ocrx_word' id='word_1_413' title='bbox 1433 1672 1462 1698; x_wconf 81' lang='lat' dir='ltr'>et</span> <span class='ocrx_word' id='word_1_414' title='bbox 1492 1666 1712 1710; x_wconf 61' lang='lat' dir='ltr'>privilegiata,</span> <span class='ocrx_word' id='word_1_415' title='bbox 1738 1667 1832 1699; x_wconf 87' lang='lat' dir='ltr'>etiam</span> 
     </span>
     <span class='ocr_line' id='line_1_80' title="bbox 1088 1719 1834 1763; baseline 0.004 -13"><span class='ocrx_word' id='word_1_416' title='bbox 1088 1719 1150 1759; x_wconf 84' lang='lat' dir='ltr'>tali,</span> <span class='ocrx_word' id='word_1_417' title='bbox 1169 1730 1248 1762; x_wconf 82' lang='lat' dir='ltr'>quae</span> <span class='ocrx_word' id='word_1_418' title='bbox 1270 1720 1307 1751; x_wconf 81' lang='lat' dir='ltr'>ad</span> <span class='ocrx_word' id='word_1_419' title='bbox 1333 1719 1478 1752; x_wconf 70' lang='lat' dir='ltr'>effectum</span> <span class='ocrx_word' id='word_1_420' title='bbox 1498 1719 1664 1752; x_wconf 72' lang='lat' dir='ltr'>validitatis</span> <span class='ocrx_word' id='word_1_421' title='bbox 1682 1720 1834 1763; x_wconf 85' lang='lat' dir='ltr'>praemis-</span> 
     </span>
     <span class='ocr_line' id='line_1_81' title="bbox 1086 1773 1833 1816; baseline 0.003 -12"><span class='ocrx_word' id='word_1_422' title='bbox 1086 1783 1194 1804; x_wconf 86' lang='lat' dir='ltr'>sorum</span> <span class='ocrx_word' id='word_1_423' title='bbox 1221 1773 1401 1805; x_wconf 73' lang='lat' dir='ltr'>necessario</span> <span class='ocrx_word' id='word_1_424' title='bbox 1427 1773 1633 1816; x_wconf 73' lang='lat' dir='ltr'>exprimenda</span> <span class='ocrx_word' id='word_1_425' title='bbox 1656 1774 1755 1813; x_wconf 74' lang='lat' dir='ltr'>soret,</span> <span class='ocrx_word' id='word_1_426' title='bbox 1779 1778 1833 1806; x_wconf 85' lang='lat' dir='ltr'>aut.</span> 
     </span>
     <span class='ocr_line' id='line_1_82' title="bbox 1085 1826 1833 1869; baseline 0.003 -11"><span class='ocrx_word' id='word_1_427' title='bbox 1085 1826 1169 1869; x_wconf 86' lang='lat' dir='ltr'>quod</span> <span class='ocrx_word' id='word_1_428' title='bbox 1201 1826 1239 1859; x_wconf 88' lang='lat' dir='ltr'>de</span> <span class='ocrx_word' id='word_1_429' title='bbox 1269 1826 1429 1859; x_wconf 81' lang='lat' dir='ltr'>voluntate</span> <span class='ocrx_word' id='word_1_430' title='bbox 1462 1829 1570 1860; x_wconf 75' lang='lat' dir='ltr'>nostra</span> <span class='ocrx_word' id='word_1_431' title='bbox 1596 1826 1777 1859; x_wconf 83' lang='lat' dir='ltr'>huiusmodi</span> <span class='ocrx_word' id='word_1_432' title='bbox 1802 1831 1833 1860; x_wconf 85' lang='lat' dir='ltr'>et</span> 
     </span>
     <span class='ocr_line' id='line_1_83' title="bbox 1086 1879 1832 1923; baseline 0.003 -13"><span class='ocrx_word' id='word_1_433' title='bbox 1086 1879 1154 1911; x_wconf 85' lang='lat' dir='ltr'>aliis</span> <span class='ocrx_word' id='word_1_434' title='bbox 1179 1879 1324 1922; x_wconf 87' lang='lat' dir='ltr'>superius</span> <span class='ocrx_word' id='word_1_435' title='bbox 1349 1880 1506 1923; x_wconf 81' lang='lat' dir='ltr'>expressis</span> <span class='ocrx_word' id='word_1_436' title='bbox 1536 1890 1591 1912; x_wconf 86' lang='lat' dir='ltr'>seu</span> <span class='ocrx_word' id='word_1_437' title='bbox 1621 1881 1729 1912; x_wconf 84' lang='lat' dir='ltr'>relatis</span> <span class='ocrx_word' id='word_1_438' title='bbox 1753 1880 1832 1913; x_wconf 80' lang='lat' dir='ltr'>nihil</span> 
     </span>
     <span class='ocr_line' id='line_1_84' title="bbox 1087 1933 1830 1977; baseline 0.003 -13"><span class='ocrx_word' id='word_1_439' title='bbox 1087 1933 1175 1965; x_wconf 87' lang='lat' dir='ltr'>ullibi</span> <span class='ocrx_word' id='word_1_440' title='bbox 1199 1937 1378 1976; x_wconf 52' lang='lat' dir='ltr'>armareret,</span> <span class='ocrx_word' id='word_1_441' title='bbox 1403 1944 1458 1965; x_wconf 76' lang='lat' dir='ltr'>seu</span> <span class='ocrx_word' id='word_1_442' title='bbox 1483 1933 1574 1966; x_wconf 84' lang='lat' dir='ltr'>aliter</span> <span class='ocrx_word' id='word_1_443' title='bbox 1598 1933 1728 1977; x_wconf 83' lang='lat' dir='ltr'>probari</span> <span class='ocrx_word' id='word_1_444' title='bbox 1752 1944 1830 1977; x_wconf 88' lang='lat' dir='ltr'>pos-</span> 
     </span>
     <span class='ocr_line' id='line_1_85' title="bbox 1087 1986 1832 2030; baseline 0.001 -12"><span class='ocrx_word' id='word_1_445' title='bbox 1087 1992 1142 2028; x_wconf 82' lang='lat' dir='ltr'>set,</span> <span class='ocrx_word' id='word_1_446' title='bbox 1168 1987 1282 2026; x_wconf 88' lang='lat' dir='ltr'>notari,</span> <span class='ocrx_word' id='word_1_447' title='bbox 1308 1986 1499 2030; x_wconf 72' lang='lat' dir='ltr'>impugnari,</span> <span class='ocrx_word' id='word_1_448' title='bbox 1527 1987 1706 2027; x_wconf 83' lang='lat' dir='ltr'>invalidari,</span> <span class='ocrx_word' id='word_1_449' title='bbox 1731 1992 1832 2019; x_wconf 82' lang='lat' dir='ltr'>retra-</span> 
     </span>
     <span class='ocr_line' id='line_1_86' title="bbox 1087 2040 1832 2080; baseline 0 -8"><span class='ocrx_word' id='word_1_450' title='bbox 1087 2040 1175 2080; x_wconf 81' lang='lat' dir='ltr'>etari,</span> <span class='ocrx_word' id='word_1_451' title='bbox 1194 2040 1225 2072; x_wconf 89' lang='lat' dir='ltr'>in</span> <span class='ocrx_word' id='word_1_452' title='bbox 1250 2040 1298 2072; x_wconf 85' lang='lat' dir='ltr'>ius</span> <span class='ocrx_word' id='word_1_453' title='bbox 1327 2040 1374 2072; x_wconf 78' lang='lat' dir='ltr'>vel</span> <span class='ocrx_word' id='word_1_454' title='bbox 1401 2040 1650 2072; x_wconf 73' lang='lat' dir='ltr'>controversiain</span> <span class='ocrx_word' id='word_1_455' title='bbox 1677 2040 1832 2080; x_wconf 79' lang='lat' dir='ltr'>revocari,</span> 
     </span>
     <span class='ocr_line' id='line_1_87' title="bbox 1086 2093 1834 2134; baseline 0.003 -10"><span class='ocrx_word' id='word_1_456' title='bbox 1086 2098 1140 2125; x_wconf 88' lang='lat' dir='ltr'>aut</span> <span class='ocrx_word' id='word_1_457' title='bbox 1164 2093 1202 2125; x_wconf 87' lang='lat' dir='ltr'>ad</span> <span class='ocrx_word' id='word_1_458' title='bbox 1228 2093 1380 2126; x_wconf 81' lang='lat' dir='ltr'>terminos</span> <span class='ocrx_word' id='word_1_459' title='bbox 1407 2093 1484 2125; x_wconf 78' lang='lat' dir='ltr'>iuris</span> <span class='ocrx_word' id='word_1_460' title='bbox 1510 2093 1628 2134; x_wconf 80' lang='lat' dir='ltr'>reduci,</span> <span class='ocrx_word' id='word_1_461' title='bbox 1654 2098 1707 2125; x_wconf 88' lang='lat' dir='ltr'>aut</span> <span class='ocrx_word' id='word_1_462' title='bbox 1724 2093 1834 2126; x_wconf 81' lang='lat' dir='ltr'>adver-</span> 
     </span>
     <span class='ocr_line' id='line_1_88' title="bbox 1088 2146 1834 2190; baseline 0 -12"><span class='ocrx_word' id='word_1_463' title='bbox 1088 2157 1139 2178; x_wconf 89' lang='lat' dir='ltr'>sus</span> <span class='ocrx_word' id='word_1_464' title='bbox 1165 2146 1217 2178; x_wconf 88' lang='lat' dir='ltr'>illa</span> <span class='ocrx_word' id='word_1_465' title='bbox 1242 2146 1451 2179; x_wconf 82' lang='lat' dir='ltr'>restitutionis</span> <span class='ocrx_word' id='word_1_466' title='bbox 1476 2146 1507 2178; x_wconf 90' lang='lat' dir='ltr'>in</span> <span class='ocrx_word' id='word_1_467' title='bbox 1532 2147 1702 2189; x_wconf 79' lang='lat' dir='ltr'>integrum,</span> <span class='ocrx_word' id='word_1_468' title='bbox 1727 2146 1834 2190; x_wconf 83' lang='lat' dir='ltr'>aperi-</span> 
     </span>
     <span class='ocr_line' id='line_1_89' title="bbox 1088 2199 1832 2243; baseline 0 -12"><span class='ocrx_word' id='word_1_469' title='bbox 1088 2199 1211 2232; x_wconf 89' lang='lat' dir='ltr'>ritionis</span> <span class='ocrx_word' id='word_1_470' title='bbox 1237 2199 1313 2239; x_wconf 88' lang='lat' dir='ltr'>oris,</span> <span class='ocrx_word' id='word_1_471' title='bbox 1332 2199 1378 2231; x_wconf 82' lang='lat' dir='ltr'>vel</span> <span class='ocrx_word' id='word_1_472' title='bbox 1398 2199 1483 2231; x_wconf 91' lang='lat' dir='ltr'>aliud</span> <span class='ocrx_word' id='word_1_473' title='bbox 1504 2199 1727 2243; x_wconf 83' lang='lat' dir='ltr'>quodcumque</span> <span class='ocrx_word' id='word_1_474' title='bbox 1744 2199 1832 2238; x_wconf 82' lang='lat' dir='ltr'>iuris,</span> 
     </span>
     <span class='ocr_line' id='line_1_90' title="bbox 1087 2252 1832 2296; baseline 0 -12"><span class='ocrx_word' id='word_1_475' title='bbox 1087 2252 1160 2284; x_wconf 76' lang='lat' dir='ltr'>faeti</span> <span class='ocrx_word' id='word_1_476' title='bbox 1179 2253 1227 2284; x_wconf 76' lang='lat' dir='ltr'>vel</span> <span class='ocrx_word' id='word_1_477' title='bbox 1252 2252 1371 2294; x_wconf 77' lang='lat' dir='ltr'>gratiae</span> <span class='ocrx_word' id='word_1_478' title='bbox 1388 2252 1564 2284; x_wconf 87' lang='lat' dir='ltr'>remedium</span> <span class='ocrx_word' id='word_1_479' title='bbox 1590 2252 1765 2296; x_wconf 85' lang='lat' dir='ltr'>impetrari,</span> <span class='ocrx_word' id='word_1_480' title='bbox 1783 2252 1832 2284; x_wconf 87' lang='lat' dir='ltr'>vel</span> 
     </span>
     <span class='ocr_line' id='line_1_91' title="bbox 1088 2305 1833 2348; baseline 0 -11"><span class='ocrx_word' id='word_1_481' title='bbox 1088 2305 1183 2337; x_wconf 86' lang='lat' dir='ltr'>etiam</span> <span class='ocrx_word' id='word_1_482' title='bbox 1210 2310 1298 2338; x_wconf 90' lang='lat' dir='ltr'>motu</span> <span class='ocrx_word' id='word_1_483' title='bbox 1314 2306 1408 2337; x_wconf 85' lang='lat' dir='ltr'>simili</span> <span class='ocrx_word' id='word_1_484' title='bbox 1426 2316 1578 2338; x_wconf 81' lang='lat' dir='ltr'>concesso</span> <span class='ocrx_word' id='word_1_485' title='bbox 1601 2305 1782 2348; x_wconf 86' lang='lat' dir='ltr'>quempiam</span> <span class='ocrx_word' id='word_1_486' title='bbox 1800 2305 1833 2337; x_wconf 88' lang='lat' dir='ltr'>in</span> 
     </span>
     <span class='ocr_line' id='line_1_92' title="bbox 1088 2359 1833 2392; baseline -0.001 0"><span class='ocrx_word' id='word_1_487' title='bbox 1088 2359 1204 2392; x_wconf 87' lang='lat' dir='ltr'>iudieio</span> <span class='ocrx_word' id='word_1_488' title='bbox 1233 2360 1280 2391; x_wconf 81' lang='lat' dir='ltr'>vel</span> <span class='ocrx_word' id='word_1_489' title='bbox 1305 2364 1393 2392; x_wconf 84' lang='lat' dir='ltr'>extra</span> <span class='ocrx_word' id='word_1_490' title='bbox 1418 2359 1492 2391; x_wconf 90' lang='lat' dir='ltr'>illud</span> <span class='ocrx_word' id='word_1_491' title='bbox 1514 2359 1557 2391; x_wconf 88' lang='lat' dir='ltr'>uti</span> <span class='ocrx_word' id='word_1_492' title='bbox 1587 2369 1642 2391; x_wconf 87' lang='lat' dir='ltr'>seu</span> <span class='ocrx_word' id='word_1_493' title='bbox 1667 2369 1699 2391; x_wconf 88' lang='lat' dir='ltr'>se</span> <span class='ocrx_word' id='word_1_494' title='bbox 1724 2359 1833 2391; x_wconf 85' lang='lat' dir='ltr'>iuvare</span> 
     </span>
     <span class='ocr_line' id='line_1_93' title="bbox 1088 2411 1833 2456; baseline -0.001 -11"><span class='ocrx_word' id='word_1_495' title='bbox 1088 2423 1191 2456; x_wconf 85' lang='lat' dir='ltr'>posse,</span> <span class='ocrx_word' id='word_1_496' title='bbox 1217 2412 1270 2445; x_wconf 85' lang='lat' dir='ltr'>sed</span> <span class='ocrx_word' id='word_1_497' title='bbox 1291 2412 1415 2444; x_wconf 84' lang='lat' dir='ltr'>easdem</span> <span class='ocrx_word' id='word_1_498' title='bbox 1438 2417 1620 2456; x_wconf 85' lang='lat' dir='ltr'>praesentes</span> <span class='ocrx_word' id='word_1_499' title='bbox 1640 2423 1712 2445; x_wconf 86' lang='lat' dir='ltr'>cnm</span> <span class='ocrx_word' id='word_1_500' title='bbox 1733 2411 1833 2445; x_wconf 89' lang='lat' dir='ltr'>omni-</span> 
     </span>
     <span class='ocr_line' id='line_1_94' title="bbox 1088 2466 1832 2510; baseline 0 -11"><span class='ocrx_word' id='word_1_501' title='bbox 1088 2467 1146 2499; x_wconf 92' lang='lat' dir='ltr'>bus</span> <span class='ocrx_word' id='word_1_502' title='bbox 1171 2472 1201 2499; x_wconf 86' lang='lat' dir='ltr'>et</span> <span class='ocrx_word' id='word_1_503' title='bbox 1232 2466 1364 2509; x_wconf 80' lang='lat' dir='ltr'>singulis</span> <span class='ocrx_word' id='word_1_504' title='bbox 1397 2466 1427 2499; x_wconf 91' lang='lat' dir='ltr'>in</span> <span class='ocrx_word' id='word_1_505' title='bbox 1453 2466 1497 2499; x_wconf 87' lang='lat' dir='ltr'>eis</span> <span class='ocrx_word' id='word_1_506' title='bbox 1525 2466 1681 2499; x_wconf 85' lang='lat' dir='ltr'>contentis</span> <span class='ocrx_word' id='word_1_507' title='bbox 1705 2476 1832 2510; x_wconf 85' lang='lat' dir='ltr'>semper</span> 
     </span>
    </p>
   </div>
   <div class='ocr_carea' id='block_1_12' title="bbox 1126 2582 1757 2618">
    <p class='ocr_par' dir='ltr' id='par_1_13' title="bbox 1126 2582 1757 2618">
     <span class='ocr_line' id='line_1_95' title="bbox 1126 2582 1757 2618; baseline 0.003 -10"><span class='ocrx_word' id='word_1_508' title='bbox 1126 2585 1135 2608; x_wconf 84' lang='grc'>1</span> <span class='ocrx_word' id='word_1_509' title='bbox 1161 2582 1239 2610; x_wconf 62' lang='lat' dir='ltr'>Deest</span> <span class='ocrx_word' id='word_1_510' title='bbox 1255 2582 1357 2617; x_wconf 74' lang='lat' dir='ltr'>quavis</span> <span class='ocrx_word' id='word_1_511' title='bbox 1372 2584 1470 2616; x_wconf 63' lang='lat' dir='ltr'>causa,</span> <span class='ocrx_word' id='word_1_512' title='bbox 1487 2582 1528 2610; x_wconf 77' lang='lat' dir='ltr'>vel</span> <span class='ocrx_word' id='word_1_513' title='bbox 1544 2583 1631 2610; x_wconf 85' lang='lat' dir='ltr'>simile</span> <span class='ocrx_word' id='word_1_514' title='bbox 1644 2583 1683 2617; x_wconf 65' lang='lat' dir='ltr'>(tt.</span> <span class='ocrx_word' id='word_1_515' title='bbox 1706 2582 1757 2618; x_wconf 88' lang='grc' dir='ltr'><strong>τ.).</strong></span> 
     </span>
    </p>
   </div>
  </div>
 </body>
</html>
