2107 3142
3 186 50 212 An.
67 184 94 212 C.
114 184 177 211 ¹048

64 2097 172 2127 Clausulae

0 2126 169 2145 ›nesci-ratmae.

790 184 998 209 INNOCENTH'S
1021 185 1039 208 X
1065 185 1112 208 ΓΡ.

193 240 252 273 quc
287 230 323 262 ad
356 229 503 270 illorum,
535 235 560 262 et
599 231 765 264 cuiuslibet
797 243 927 272 eorum,

193 282 313 316 etiamsi
339 283 514 316 iuramento
540 284 648 316 vallata
674 285 744 325 sint,
765 285 929 318 observan-

193 336 267 368 tiam
282 336 390 376 teneri,
405 346 506 380 neque
520 347 555 370 ex
570 337 630 370 illis
643 338 788 381 cuiquam
802 338 927 382 aliquod

192 390 250 430 ius,
272 390 318 422 vel
335 389 499 432 actionem,
517 396 570 422 aut
594 391 716 424 titulum
743 392 927 433 coloratum,

194 442 240 475 rel
265 453 389 475 causam
414 443 660 486 praescribendi,
678 444 798 478 etiamsi
815 445 928 487 longis-

192 495 262 528 simi
276 500 305 528 et
320 495 578 529 immemorabilis
597 496 745 540 temporis
762 497 927 540 possessio,

191 558 246 581 seu
266 549 354 592 quasi
378 550 545 593 possessio,
567 551 659 583 etiam
678 550 755 583 citra
774 551 868 582 ullam
887 551 928 582 in-

193 602 440 645 terpellationem
459 613 512 636 seu
542 603 803 647 interruptionem
824 604 928 636 subse-

192 659 313 698 quatur,
335 656 521 699 acquisitum
547 656 650 697 fnisse,
673 667 730 689 nec
755 667 841 698 esse,
870 657 926 689 mi-

193 717 290 741 nusve
307 708 371 742 ullo
397 713 539 753 tempore
563 709 682 752 acquiri
701 714 731 741 et
748 714 927 753 competere

192 770 304 803 posse,
333 772 434 805 neque
459 762 520 794 ulla
549 762 648 795 ullum
680 767 793 794 statum
826 763 926 795 faeere

196 814 241 847 rel
266 814 375 848 secisse
390 843 397 855 ,
418 821 520 860 atque,
551 816 679 860 perinde
700 827 735 849 ae
760 817 784 849 si
810 827 926 859 nequa-

191 878 284 909 quam
321 875 538 910 emanassent,
567 880 625 913 pro
658 880 720 902 non
751 869 945 902 extantibus

191 925 220 953 et
244 931 305 954 non
330 921 418 954 sactis
435 928 589 965 perpetuo
611 923 719 955 baberi
741 922 865 964 debere,
883 928 926 955 te-

190 983 266 1006 nore
283 975 463 1007 earumdem
481 975 696 1018 praesentium
719 975 925 1008 decernimus.

190 1027 226 1059 Et
249 1027 463 1069 nihilominus,
477 1028 514 1061 ad
535 1029 795 1062 almudautiorem
821 1033 926 1063 caute-

189 1079 261 1120 lam,
276 1084 303 1114 et
315 1086 468 1123 quatenus
485 1092 562 1125 opus
584 1082 632 1122 sit,
647 1082 793 1115 articulos
810 1083 927 1126 praesa·
943 1094 944 1098 ¹

190 1138 247 1175 tos,
263 1134 385 1177 aliaque
398 1135 579 1178 praemissa,
595 1140 625 1167 ut
641 1136 826 1178 praefertur,
841 1146 927 1179 prae-

191 1186 361 1227 iudiciatia,
393 1193 489 1227 motu,
524 1188 669 1228 scientia,
702 1188 926 1221 deliberatione

189 1244 218 1270 et
242 1240 401 1282 potestatis
426 1240 618 1283 plenitudine
642 1241 781 1284 paribus,
796 1241 924 1273 damna-

189 1302 269 1333 mus,
294 1293 511 1336 reprobamus,
542 1294 722 1335 irritamus,
753 1305 925 1335 cassamus,

188 1345 396 1386 annullamus,
414 1346 594 1390 viribusque
617 1351 646 1380 et
664 1347 775 1380 effectu
801 1358 926 1380 evacua-

189 1409 267 1441 mus,
281 1404 311 1431 et
323 1403 431 1433 contra
448 1399 508 1441 illa,
529 1399 629 1443 deque
647 1410 755 1433 eorum
774 1401 924 1443 nullitate,

189 1462 294 1484 coram
320 1452 382 1485 Deo
407 1458 609 1495 potestamur.
636 1453 680 1493 131,
700 1459 852 1496 quatenus
877 1454 924 1486 iti-

188 1503 259 1536 dem
277 1515 357 1548 opus
374 1505 421 1547 sit,
440 1504 562 1537 easdem
579 1505 688 1537 Sedent
703 1506 923 1549 Apostolicam,

203 1559 422 1601 tomanamque
452 1564 481 1590 et
506 1558 667 1591 inferiores
697 1559 862 1601 ecclesias,
889 1571 925 1593 ac

187 1611 344 1654 quaelibet
357 1612 424 1644 loca
442 1612 491 1655 pia
508 1616 537 1645 et
550 1622 762 1656 quascumque
776 1623 924 1656 personas

187 1664 411 1697 ecclesiasticas
436 1665 584 1697 adversus
615 1665 666 1697 illa
695 1665 724 1697 in
750 1666 922 1710 integrum,

188 1727 222 1750 ac
246 1717 422 1760 pristinum,
441 1723 470 1750 et
495 1728 564 1750 eum
591 1718 621 1750 in
646 1729 718 1761 quo,
743 1725 813 1752 ante
838 1730 924 1763 prae-

188 1769 312 1812 dictam,
331 1776 359 1803 et
380 1781 593 1814 quascumque
617 1771 692 1804 alias
708 1778 851 1813 assertas,
869 1784 923 1805 scu

187 1828 366 1867 praetensas
395 1824 568 1857 anteriores
592 1825 836 1866 transactiones,
862 1836 920 1869 pa-

188 1877 316 1919 ctiones,
335 1887 388 1910 seu
407 1878 628 1910 conventiones
653 1877 736 1910 circa
753 1879 923 1921 praemissa

188 1930 376 1974 ubicumque
393 1931 689 1975 quomodocumque
713 1932 818 1973 saetas,
836 1938 921 1965 erant

187 1988 299 2016 statum
325 1984 528 2026 restituimus,
554 1985 736 2028 reponimus
757 1996 791 2018 ac
817 1986 922 2029 plena-

188 2037 232 2070 rie
257 2037 494 2080 reintegramus.

233 2091 247 2133 ἓ
271 2090 300 2122 4.
326 2091 506 2123 Praesentes
531 2102 655 2134 quoque
686 2092 824 2132 litteras,
852 2103 921 2125 etun

188 2143 334 2176 omnibus
351 2148 380 2177 ct
396 2144 527 2186 singulis
541 2144 571 2176 in
589 2144 632 2176 eis
649 2145 812 2185 contentis,
829 2146 921 2177 etiam

189 2207 223 2229 ex
249 2207 296 2239 eo,
323 2197 404 2240 quod
431 2197 571 2240 praefati,
594 2201 623 2231 et
647 2198 836 2241 quicumque
860 2198 922 2238 alii,

187 2250 278 2283 etiam
304 2250 431 2293 speciali
450 2250 606 2282 mentione
624 2256 653 2283 et.
667 2251 867 2294 expressione
881 2251 923 2283 di-

186 2303 260 2344 gni,
282 2307 312 2335 et
337 2303 367 2334 in
391 2303 572 2345 praemissis
605 2313 659 2335 seu
684 2313 793 2335 eorum
819 2303 922 2347 aliquo

187 2355 335 2389 interesse
360 2356 519 2396 babentes,
538 2366 591 2389 seu
609 2355 724 2389 babere
748 2356 921 2399 quomodo-

188 2408 263 2442 libet
286 2409 539 2453 praetendentes,
565 2409 624 2442 illis
649 2409 824 2442 nullatenus
849 2420 922 2442 con-

189 2462 351 2504 senserint,
369 2472 426 2495 nee
451 2462 488 2495 ad
517 2473 553 2495 ea
578 2462 688 2504 vocati,
707 2462 791 2495 citati
812 2462 858 2495 vel
873 2473 923 2495 au-

188 2513 254 2557 diti,
268 2515 409 2548 minusve
422 2526 543 2557 causae,
557 2520 687 2559 propter
701 2526 778 2558 quas
795 2515 921 2549 eaedem

190 2573 368 2611 praesentes
393 2574 586 2610 emanarunt,
601 2569 760 2610 deductae,
783 2570 922 2603 verifica-

1602 175 1666 208 605

963 238 1020 272 tae,
1041 243 1093 265 seu
1120 232 1194 265 alias
1220 232 1419 273 sufficienter,
1441 237 1492 265 aut
1517 232 1608 265 etiam
1635 233 1698 265 ullo

963 285 1056 318 modo
1083 285 1267 318 iustificat-ac
1292 286 1426 327 suerint,
1449 286 1534 318 nullo
1559 295 1696 329 unquam

963 341 1104 381 tempore
1123 338 1160 370 de
1177 338 1399 381 subreptionis,
1413 338 1616 382 obreptionis,
1634 339 1699 370 nul-

962 391 1066 430 litatis,
1087 396 1140 423 aut
1161 391 1360 423 invaliditatis
1382 391 1465 431 vitio,
1479 402 1533 423 seu
1554 391 1696 424 intentio-

961 444 1008 476 nis
1033 449 1169 484 nostrae,
1186 449 1239 476 aut
1256 444 1316 477 alio
1341 444 1451 488 quovis
1468 445 1699 488 quantumlibet

963 506 1086 539 magno,
1115 497 1324 539 inex-cogitato
1349 503 1378 530 et.
1402 497 1596 529 substantiali
1620 497 1699 530 dese-

961 554 1022 589 ctu,
1043 555 1095 582 aut
1115 560 1150 582 ex
1169 550 1278 593 quovis
1303 550 1364 583 alio
1389 551 1499 594 capite,
1525 560 1542 582 a
1566 550 1634 583 iure
1651 551 1697 583 vel

962 603 1051 643 fileto,
1072 608 1125 636 aut
1150 608 1275 644 statuto,
1294 605 1340 636 vel
1361 603 1585 637 consuetudine
1602 604 1699 637 resul-

962 659 1053 698 tante,
1065 660 1117 689 aut
1130 666 1165 688 ex
1184 667 1382 700 quocumque
1399 657 1459 690 alio
1477 657 1592 697 colore,
1609 668 1696 700 prae-

962 713 1056 750 textu,
1078 710 1170 742 eausa
1197 714 1226 743 et
1250 710 1423 751 occasione,
1448 710 1559 752 notari,
1589 711 1695 754 impu-

961 763 1072 804 gnari,
1098 763 1271 805 invalidari,
1304 764 1488 804 retractari,
1519 763 1549 796 in
1574 764 1622 796 ius
1650 765 1696 796 vel

961 814 1204 847 controversiam
1232 815 1382 855 revocari,
1407 819 1459 849 aut
1484 815 1520 847 ad
1547 815 1697 847 terminos

961 866 1037 899 iuris
1054 867 1161 900 reduci
1178 868 1332 900 ullatenus
1349 879 1451 912 posse,
1465 868 1518 901 sed
1536 868 1604 900 illas
1621 879 1698 901 sem-

962 929 1018 962 per
1044 919 1159 952 validas
1183 926 1211 952 et
1237 921 1378 953 efficaces
1403 921 1535 954 existere
1556 926 1585 953 et
1610 921 1695 959 fore,

961 982 1094 1016 suosque
1112 974 1268 1016 plenarios
1287 979 1316 1007 et
1333 974 1472 1017 integros
1493 974 1620 1008 effectus
1634 985 1697 1008 sor-

962 1026 1012 1058 tiri
1038 1032 1066 1058 et
1091 1027 1253 1069 obtinere,
1286 1038 1321 1060 ac
1346 1028 1383 1059 ab
1409 1028 1555 1061 onmibus
1581 1033 1610 1060 ct
1635 1028 1696 1061 sin-

961 1079 1060 1120 gulis,
1086 1079 1123 1111 ad
1144 1090 1222 1122 quos
1248 1084 1361 1123 spectat
1389 1086 1418 1112 et
1442 1081 1595 1124 spectabit
1620 1092 1697 1126 quo-

960 1132 1193 1174 quomodolibet
1228 1133 1258 1164 in
1293 1134 1453 1175 futurum,
1476 1133 1696 1167 inviolabiliter

960 1184 1131 1225 observari,

1004 1238 1018 1280 ξ
1036 1238 1064 1270 5.
1087 1238 1200 1282 Sicque
1226 1245 1252 1271 et
1279 1249 1341 1272 non
1362 1240 1450 1273 aliter
1472 1240 1500 1272 iu
1518 1240 1697 1283 praemissis
1739 1252 1834 1271 manau
1852 1254 1894 1270 «ιι

960 1292 1106 1325 omnibus
1131 1298 1160 1325 et
1185 1293 1317 1335 singulis
1338 1304 1394 1336 per
1419 1304 1634 1337 quoscumque
1656 1278 1759 1325 iii-'‘'¹'‘'

960 1344 1043 1377 dices
1060 1345 1237 1378 ordinarios
1255 1350 1284 1378 et
1300 1346 1469 1388 delegatos,
1484 1346 1575 1379 etiam
1590 1346 1694 1389 palatii

960 1399 1121 1441 apostolici
1146 1398 1316 1439 auditores,
1340 1409 1461 1432 necnon
1482 1400 1509 1432 S.
1530 1399 1562 1432 [t.
1582 1400 1613 1431 Ε.
1633 1410 1697 1432 cai·-

941 1461 942 1465 ’
959 1451 1086 1492 dinales,
1104 1452 1197 1484 etiam
1212 1452 1250 1485 de
1263 1453 1361 1486 latere
1376 1453 1493 1495 legatos
1505 1464 1540 1485 ac
1557 1453 1695 1485 eiusdem

958 1504 1045 1537 Sedis
1059 1505 1193 1546 rmntios,
1212 1511 1241 1537 et
1258 1506 1383 1549 quosvis
1401 1506 1478 1538 alios
1499 1517 1697 1550 quacumque

958 1558 1142 1590 auctoritate
1171 1558 1353 1601 fungentes,
1380 1569 1460 1591 nune
1487 1563 1516 1591 et
1535 1569 1592 1602 pro
1618 1565 1694 1592 tem-

959 1621 1034 1654 pore
1055 1611 1231 1651 existentes,
1246 1612 1365 1644 snblata
1388 1612 1431 1644 eis
1449 1618 1478 1645 et.
1502 1623 1610 1645 corum
1632 1614 1696 1644 cui-

960 1664 1033 1697 libet.
1057 1665 1165 1707 quavis
1196 1665 1286 1698 aliter
1313 1665 1486 1706 iudicandi,
1517 1665 1693 1698 declarandi

959 1723 988 1750 et.
1016 1717 1240 1761 interpretandi
1270 1718 1413 1751 tacultate
1446 1724 1475 1751 et
1499 1719 1693 1759 auctoritate,

958 1782 1084 1814 semper
1115 1777 1144 1803 ct
1180 1771 1294 1814 ubique
1335 1771 1464 1804 iudicari
1503 1778 1532 1805 et
1571 1771 1694 1804 definiri

958 1824 1092 1863 debere,
1127 1835 1160 1857 ac
1195 1824 1318 1857 irritum
1351 1830 1381 1858 ct
1411 1825 1522 1865 inane,
1551 1825 1574 1857 si
1606 1835 1696 1858 secus

957 1888 1050 1921 super
1075 1877 1122 1909 bis
1139 1888 1155 1909 a
1176 1888 1353 1921 quoquam,
1369 1877 1476 1921 quavis
1493 1878 1694 1917 auctoritate,

957 1931 1091 1964 scienter
1116 1932 1161 1964 vel
1188 1932 1384 1973 ignoranter,
1410 1931 1577 1974 contigerit
1601 1936 1696 1964 atten-

958 1985 1026 2025 tari,
1052 1984 1260 2017 decernimus

1001 2038 1015 2080 g
1040 2038 1068 2069 e.
1101 2038 1167 2071 Non
1199 2037 1394 2070 obstantibus
1427 2038 1629 2082 praemissis,
1659 2049 1694 2071 ae
1723 2046 1891 2070 [ιι-ιἰψιιιυνιιιι-

940 2091 1118 2134 ¹quibusvis
1143 2091 1416 2124 constitutionibus
1441 2097 1470 2123 et
1495 2091 1695 2125 ordinationi-

1710 2075 1828 2093 {latiturum

957 2144 1013 2176 bus
1038 2144 1237 2188 apostolicis,
1276 2150 1336 2176 tam
1367 2144 1564 2187 generalibus
1600 2156 1693 2188 quam

939 2198 1154 2241 specialibus,
1175 2199 1269 2230 etiam
1296 2198 1324 2230 in
1350 2198 1489 2231 conciliis
1515 2198 1694 2231 universali-

939 2243 940 2248 *
956 2250 1013 2283 bus
1027 2251 1127 2291 editis,
1149 2256 1186 2293 et7
1201 2256 1354 2294 quatenus
1374 2262 1454 2294 opus
1472 2251 1519 2291 sit,
1537 2253 1643 2284 nostra
1664 2256 1694 2283 ct

956 2304 1158 2336 cancellariae
1191 2304 1378 2347 apostolicae
1415 2304 1524 2346 regula
1557 2303 1595 2335 de
1631 2314 1692 2336 nou

957 2357 1093 2390 tollendo
1111 2357 1178 2389 iure
1202 2357 1353 2400 quaesito,
1367 2362 1397 2389 et,
1417 2356 1637 2389 constitutione
1655 2356 1694 2388 se-

957 2410 1022 2443 ticis
1047 2410 1274 2443 recordationis
1306 2410 1348 2442 Pii
1380 2410 1478 2453 Papae
1504 2409 1540 2441 IV
1566 2409 1693 2452 praede-

957 2464 1090 2497 cessoris
1121 2464 1219 2496 nostri
1255 2463 1292 2495 de
1324 2463 1432 2505 gratiis
1464 2464 1691 2507 qualecumque

956 2517 1107 2550 interesse
1132 2526 1273 2549 camerae
1290 2516 1478 2559 apostolicae
1503 2526 1692 2550 concernen-

957 2570 1039 2604 tibus
1064 2570 1142 2603 infra
1169 2575 1287 2602 certum
1315 2574 1386 2602 tune
1411 2580 1592 2612 expressum
1620 2575 1691 2602 tem-

1711 185 1758 211 Λη.
1781 185 1808 211 C.
1828 185 1894 212 tets
