<?xml version="1.0" encoding="UTF-8"?>
<!DOCTYPE html PUBLIC "-//W3C//DTD XHTML 1.0 Transitional//EN"
    "http://www.w3.org/TR/xhtml1/DTD/xhtml1-transitional.dtd">
<html xmlns="http://www.w3.org/1999/xhtml" xml:lang="en" lang="en">
 <head>
  <title>
</title>
<meta http-equiv="Content-Type" content="text/html;charset=utf-8" />
  <meta name='ocr-system' content='tesseract 3.04.00' />
  <meta name='ocr-capabilities' content='ocr_page ocr_carea ocr_par ocr_line ocrx_word'/>
</head>
<body>
  <div class='ocr_page' id='page_1' title='image "./bullarumdiplomat15cath_0105.png"; bbox 0 0 2107 3142; ppageno 0'>
   <div class='ocr_carea' id='block_1_1' title="bbox 0 167 157 195">
    <p class='ocr_par' dir='ltr' id='par_1_1' title="bbox 0 167 157 195">
     <span class='ocr_line' id='line_1_1' title="bbox 0 167 157 195; baseline -0.006 0"><span class='ocrx_word' id='word_1_1' title='bbox 0 175 22 195; x_wconf 77' lang='lat' dir='ltr'>a.</span> <span class='ocrx_word' id='word_1_2' title='bbox 38 167 66 195; x_wconf 91' lang='lat' dir='ltr'>C.</span> <span class='ocrx_word' id='word_1_3' title='bbox 89 167 157 194; x_wconf 67' lang='lat'>1640</span> 
     </span>
    </p>
   </div>
   <div class='ocr_carea' id='block_1_2' title="bbox 0 336 120 358">
    <p class='ocr_par' dir='ltr' id='par_1_2' title="bbox 0 336 120 358">
     <span class='ocr_line' id='line_1_2' title="bbox 0 336 120 358; baseline -0.017 0"><span class='ocrx_word' id='word_1_4' title='bbox 0 336 120 358; x_wconf 79' lang='lat' dir='ltr'>Exordium.</span> 
     </span>
    </p>
   </div>
   <div class='ocr_carea' id='block_1_3' title="bbox 775 167 1057 192">
    <p class='ocr_par' dir='ltr' id='par_1_3' title="bbox 775 167 1057 192">
     <span class='ocr_line' id='line_1_3' title="bbox 775 167 1057 192; baseline -0.004 -1"><span class='ocrx_word' id='word_1_5' title='bbox 775 167 916 192; x_wconf 74' lang='lat' dir='ltr'>URBANUS</span> <span class='ocrx_word' id='word_1_6' title='bbox 935 167 990 191; x_wconf 87' lang='lat' dir='ltr'>Vlll</span> <span class='ocrx_word' id='word_1_7' title='bbox 1012 168 1057 191; x_wconf 82' lang='grc' dir='ltr'>ΙῬ,</span> 
     </span>
    </p>
   </div>
   <div class='ocr_carea' id='block_1_4' title="bbox 313 215 765 287">
    <p class='ocr_par' dir='ltr' id='par_1_4' title="bbox 313 215 765 287">
     <span class='ocr_line' id='line_1_4' title="bbox 374 215 704 249; baseline 0.003 -7"><span class='ocrx_word' id='word_1_8' title='bbox 374 216 508 242; x_wconf 79' lang='lat' dir='ltr'>Urbanus</span> <span class='ocrx_word' id='word_1_9' title='bbox 529 215 606 249; x_wconf 82' lang='lat' dir='ltr'>Papa</span> <span class='ocrx_word' id='word_1_10' title='bbox 627 215 704 248; x_wconf 84' lang='lat' dir='ltr'>vm,</span> 
     </span>
     <span class='ocr_line' id='line_1_5' title="bbox 313 260 765 287; baseline 0.002 -1"><span class='ocrx_word' id='word_1_11' title='bbox 313 260 349 286; x_wconf 84' lang='lat' dir='ltr'>ad</span> <span class='ocrx_word' id='word_1_12' title='bbox 369 260 501 287; x_wconf 80' lang='lat' dir='ltr'>futuram</span> <span class='ocrx_word' id='word_1_13' title='bbox 520 260 565 286; x_wconf 81' lang='lat' dir='ltr'>rei</span> <span class='ocrx_word' id='word_1_14' title='bbox 585 260 765 287; x_wconf 85' lang='lat' dir='ltr'><strong>memoriam.</strong></span> 
     </span>
    </p>
   </div>
   <div class='ocr_carea' id='block_1_5' title="bbox 170 321 914 2433">
    <p class='ocr_par' dir='ltr' id='par_1_5' title="bbox 170 321 914 2433">
     <span class='ocr_line' id='line_1_6' title="bbox 215 321 905 361; baseline -0.001 -7"><span class='ocrx_word' id='word_1_15' title='bbox 215 321 298 355; x_wconf 76' lang='lat' dir='ltr'>Alias</span> <span class='ocrx_word' id='word_1_16' title='bbox 314 331 371 354; x_wconf 91' lang='lat' dir='ltr'>nos</span> <span class='ocrx_word' id='word_1_17' title='bbox 382 321 400 361; x_wconf 90' lang='lat'>¹,</span> <span class='ocrx_word' id='word_1_18' title='bbox 417 332 454 354; x_wconf 81' lang='lat' dir='ltr'>ex</span> <span class='ocrx_word' id='word_1_19' title='bbox 472 321 565 354; x_wconf 83' lang='lat' dir='ltr'>certis</span> <span class='ocrx_word' id='word_1_20' title='bbox 582 321 819 354; x_wconf 72' lang='lat' dir='ltr'>rationabilibus</span> <span class='ocrx_word' id='word_1_21' title='bbox 836 332 905 354; x_wconf 84' lang='lat' dir='ltr'>cau-</span> 
     </span>
     <span class='ocr_line' id='line_1_7' title="bbox 171 374 907 418; baseline -0.001 -11"><span class='ocrx_word' id='word_1_22' title='bbox 171 375 213 408; x_wconf 88' lang='lat' dir='ltr'>sis</span> <span class='ocrx_word' id='word_1_23' title='bbox 230 375 374 414; x_wconf 88' lang='lat' dir='ltr'>adducti,</span> <span class='ocrx_word' id='word_1_24' title='bbox 406 385 442 407; x_wconf 81' lang='lat' dir='ltr'>ex</span> <span class='ocrx_word' id='word_1_25' title='bbox 468 374 599 406; x_wconf 80' lang='lat' dir='ltr'>diversis</span> <span class='ocrx_word' id='word_1_26' title='bbox 624 374 734 416; x_wconf 77' lang='lat' dir='ltr'>legatis</span> <span class='ocrx_word' id='word_1_27' title='bbox 757 374 828 418; x_wconf 86' lang='lat' dir='ltr'>piis,</span> <span class='ocrx_word' id='word_1_28' title='bbox 853 385 907 407; x_wconf 90' lang='lat' dir='ltr'>seu</span> 
     </span>
     <span class='ocr_line' id='line_1_8' title="bbox 170 426 907 469; baseline -0.001 -9"><span class='ocrx_word' id='word_1_29' title='bbox 170 427 271 468; x_wconf 90' lang='lat' dir='ltr'>bonis,</span> <span class='ocrx_word' id='word_1_30' title='bbox 294 426 425 459; x_wconf 90' lang='lat' dir='ltr'>diversis</span> <span class='ocrx_word' id='word_1_31' title='bbox 455 426 599 459; x_wconf 83' lang='lat' dir='ltr'>domibus</span> <span class='ocrx_word' id='word_1_32' title='bbox 623 426 820 469; x_wconf 77' lang='lat' dir='ltr'>regularibus</span> <span class='ocrx_word' id='word_1_33' title='bbox 846 427 907 459; x_wconf 84' lang='lat' dir='ltr'>fra-</span> 
     </span>
     <span class='ocr_line' id='line_1_9' title="bbox 172 480 907 523; baseline -0.003 -9"><span class='ocrx_word' id='word_1_34' title='bbox 172 487 266 522; x_wconf 89' lang='lat' dir='ltr'>trum,</span> <span class='ocrx_word' id='word_1_35' title='bbox 280 485 343 513; x_wconf 85' lang='lat' dir='ltr'>tam</span> <span class='ocrx_word' id='word_1_36' title='bbox 356 490 419 514; x_wconf 90' lang='lat' dir='ltr'>non</span> <span class='ocrx_word' id='word_1_37' title='bbox 436 480 689 520; x_wconf 80' lang='lat' dir='ltr'>reformatorum,</span> <span class='ocrx_word' id='word_1_38' title='bbox 707 490 800 523; x_wconf 89' lang='lat' dir='ltr'>quam</span> <span class='ocrx_word' id='word_1_39' title='bbox 815 480 907 513; x_wconf 86' lang='lat' dir='ltr'>etiam</span> 
     </span>
     <span class='ocr_line' id='line_1_10' title="bbox 171 533 908 574; baseline -0.003 -6"><span class='ocrx_word' id='word_1_40' title='bbox 171 535 276 568; x_wconf 79' lang='lat' dir='ltr'>forsan</span> <span class='ocrx_word' id='word_1_41' title='bbox 288 533 542 574; x_wconf 81' lang='lat' dir='ltr'>reformatorum,</span> <span class='ocrx_word' id='word_1_42' title='bbox 559 533 683 566; x_wconf 83' lang='lat' dir='ltr'>Ordinis</span> <span class='ocrx_word' id='word_1_43' title='bbox 700 533 797 566; x_wconf 86' lang='lat' dir='ltr'>sancti</span> <span class='ocrx_word' id='word_1_44' title='bbox 811 533 908 566; x_wconf 84' lang='lat' dir='ltr'>Fran-</span> 
     </span>
     <span class='ocr_line' id='line_1_11' title="bbox 172 586 910 630; baseline 0 -10"><span class='ocrx_word' id='word_1_45' title='bbox 172 587 246 621; x_wconf 87' lang='lat' dir='ltr'>cisci</span> <span class='ocrx_word' id='word_1_46' title='bbox 269 587 424 620; x_wconf 89' lang='lat' dir='ltr'>Minorum</span> <span class='ocrx_word' id='word_1_47' title='bbox 438 587 476 619; x_wconf 90' lang='lat' dir='ltr'>de</span> <span class='ocrx_word' id='word_1_48' title='bbox 496 586 699 620; x_wconf 87' lang='lat' dir='ltr'>Observantia</span> <span class='ocrx_word' id='word_1_49' title='bbox 717 592 910 630; x_wconf 87' lang='lat' dir='ltr'>nuncupato-</span> 
     </span>
     <span class='ocr_line' id='line_1_12' title="bbox 171 639 909 683; baseline -0.003 -10"><span class='ocrx_word' id='word_1_50' title='bbox 171 651 253 683; x_wconf 87' lang='lat' dir='ltr'>rum,</span> <span class='ocrx_word' id='word_1_51' title='bbox 274 640 424 673; x_wconf 86' lang='lat' dir='ltr'>similium</span> <span class='ocrx_word' id='word_1_52' title='bbox 448 640 624 682; x_wconf 83' lang='lat' dir='ltr'>legatorum</span> <span class='ocrx_word' id='word_1_53' title='bbox 649 639 854 683; x_wconf 79' lang='lat' dir='ltr'>incapacium,</span> <span class='ocrx_word' id='word_1_54' title='bbox 878 640 909 672; x_wconf 93' lang='lat' dir='ltr'>in</span> 
     </span>
     <span class='ocr_line' id='line_1_13' title="bbox 172 692 911 736; baseline -0.001 -10"><span class='ocrx_word' id='word_1_55' title='bbox 172 693 303 726; x_wconf 87' lang='lat' dir='ltr'>diversis</span> <span class='ocrx_word' id='word_1_56' title='bbox 326 692 503 726; x_wconf 86' lang='lat' dir='ltr'>civitatibus</span> <span class='ocrx_word' id='word_1_57' title='bbox 528 696 558 725; x_wconf 89' lang='lat' dir='ltr'>et</span> <span class='ocrx_word' id='word_1_58' title='bbox 581 692 658 725; x_wconf 90' lang='lat' dir='ltr'>locis</span> <span class='ocrx_word' id='word_1_59' title='bbox 683 692 771 735; x_wconf 80' lang='lat' dir='ltr'>regni</span> <span class='ocrx_word' id='word_1_60' title='bbox 794 693 911 736; x_wconf 76' lang='lat' dir='ltr'>Neapo—</span> 
     </span>
     <span class='ocr_line' id='line_1_14' title="bbox 172 745 910 788; baseline -0.001 -8"><span class='ocrx_word' id='word_1_61' title='bbox 172 747 269 788; x_wconf 89' lang='lat' dir='ltr'>litani,</span> <span class='ocrx_word' id='word_1_62' title='bbox 289 756 325 779; x_wconf 90' lang='lat' dir='ltr'>ac</span> <span class='ocrx_word' id='word_1_63' title='bbox 344 746 377 779; x_wconf 94' lang='lat' dir='ltr'>in</span> <span class='ocrx_word' id='word_1_64' title='bbox 400 746 523 779; x_wconf 86' lang='lat' dir='ltr'>civitate</span> <span class='ocrx_word' id='word_1_65' title='bbox 550 756 606 778; x_wconf 89' lang='lat' dir='ltr'>seu</span> <span class='ocrx_word' id='word_1_66' title='bbox 625 745 761 779; x_wconf 89' lang='lat' dir='ltr'>dioecesi</span> <span class='ocrx_word' id='word_1_67' title='bbox 786 746 910 779; x_wconf 85' lang='lat' dir='ltr'>Floren-</span> 
     </span>
     <span class='ocr_line' id='line_1_15' title="bbox 173 798 910 841; baseline 0 -9"><span class='ocrx_word' id='word_1_68' title='bbox 173 800 250 841; x_wconf 76' lang='lat' dir='ltr'>tina,</span> <span class='ocrx_word' id='word_1_69' title='bbox 266 810 302 832; x_wconf 85' lang='lat' dir='ltr'>ac</span> <span class='ocrx_word' id='word_1_70' title='bbox 322 799 396 832; x_wconf 92' lang='lat' dir='ltr'>alibi</span> <span class='ocrx_word' id='word_1_71' title='bbox 413 798 507 832; x_wconf 86' lang='lat' dir='ltr'>etiam</span> <span class='ocrx_word' id='word_1_72' title='bbox 527 798 632 831; x_wconf 84' lang='lat' dir='ltr'>forsan</span> <span class='ocrx_word' id='word_1_73' title='bbox 651 798 683 831; x_wconf 91' lang='lat' dir='ltr'>in</span> <span class='ocrx_word' id='word_1_74' title='bbox 696 798 783 831; x_wconf 88' lang='lat' dir='ltr'>Statu</span> <span class='ocrx_word' id='word_1_75' title='bbox 802 805 910 833; x_wconf 89' lang='lat' dir='ltr'>nostro</span> 
     </span>
     <span class='ocr_line' id='line_1_16' title="bbox 172 851 909 895; baseline -0.001 -9"><span class='ocrx_word' id='word_1_76' title='bbox 172 852 391 886; x_wconf 82' lang='lat' dir='ltr'>Ecclesiastico</span> <span class='ocrx_word' id='word_1_77' title='bbox 415 851 630 894; x_wconf 81' lang='lat' dir='ltr'>existentibus,</span> <span class='ocrx_word' id='word_1_78' title='bbox 647 861 705 895; x_wconf 90' lang='lat' dir='ltr'>per</span> <span class='ocrx_word' id='word_1_79' title='bbox 722 852 909 885; x_wconf 85' lang='lat' dir='ltr'>christifide-</span> 
     </span>
     <span class='ocr_line' id='line_1_17' title="bbox 173 905 909 950; baseline -0.001 -11"><span class='ocrx_word' id='word_1_80' title='bbox 173 907 217 939; x_wconf 94' lang='lat' dir='ltr'>les</span> <span class='ocrx_word' id='word_1_81' title='bbox 233 916 291 950; x_wconf 89' lang='lat' dir='ltr'>per</span> <span class='ocrx_word' id='word_1_82' title='bbox 315 905 396 938; x_wconf 87' lang='lat' dir='ltr'>viam</span> <span class='ocrx_word' id='word_1_83' title='bbox 420 908 690 947; x_wconf 83' lang='lat' dir='ltr'>testamentorum,</span> <span class='ocrx_word' id='word_1_84' title='bbox 706 915 761 938; x_wconf 89' lang='lat' dir='ltr'>seu</span> <span class='ocrx_word' id='word_1_85' title='bbox 781 905 909 939; x_wconf 90' lang='lat' dir='ltr'>codicil-</span> 
     </span>
     <span class='ocr_line' id='line_1_18' title="bbox 173 958 909 1001; baseline -0.001 -9"><span class='ocrx_word' id='word_1_86' title='bbox 173 960 288 1001; x_wconf 88' lang='lat' dir='ltr'>lorum,</span> <span class='ocrx_word' id='word_1_87' title='bbox 315 964 368 992; x_wconf 90' lang='lat' dir='ltr'>aut</span> <span class='ocrx_word' id='word_1_88' title='bbox 395 958 609 999; x_wconf 89' lang='lat' dir='ltr'>donationum,</span> <span class='ocrx_word' id='word_1_89' title='bbox 626 963 688 990; x_wconf 90' lang='lat' dir='ltr'>tam</span> <span class='ocrx_word' id='word_1_90' title='bbox 714 958 795 991; x_wconf 85' lang='lat' dir='ltr'>inter</span> <span class='ocrx_word' id='word_1_91' title='bbox 814 959 909 999; x_wconf 84' lang='lat' dir='ltr'>vivos,</span> 
     </span>
     <span class='ocr_line' id='line_1_19' title="bbox 173 1012 910 1057; baseline -0.001 -11"><span class='ocrx_word' id='word_1_92' title='bbox 173 1023 267 1057; x_wconf 87' lang='lat' dir='ltr'>quam</span> <span class='ocrx_word' id='word_1_93' title='bbox 292 1013 386 1046; x_wconf 71' lang='lat' dir='ltr'>causa</span> <span class='ocrx_word' id='word_1_94' title='bbox 409 1012 536 1052; x_wconf 82' lang='lat' dir='ltr'>mortis,</span> <span class='ocrx_word' id='word_1_95' title='bbox 555 1015 608 1046; x_wconf 89' lang='lat' dir='ltr'>aut</span> <span class='ocrx_word' id='word_1_96' title='bbox 636 1012 712 1044; x_wconf 82' lang='lat' dir='ltr'>alias</span> <span class='ocrx_word' id='word_1_97' title='bbox 736 1012 829 1045; x_wconf 84' lang='lat' dir='ltr'>etiam</span> <span class='ocrx_word' id='word_1_98' title='bbox 853 1013 910 1045; x_wconf 89' lang='lat' dir='ltr'>sub</span> 
     </span>
     <span class='ocr_line' id='line_1_20' title="bbox 175 1065 911 1099; baseline -0.001 0"><span class='ocrx_word' id='word_1_99' title='bbox 175 1066 393 1099; x_wconf 81' lang='lat' dir='ltr'>celebrationis</span> <span class='ocrx_word' id='word_1_100' title='bbox 413 1065 580 1098; x_wconf 88' lang='lat' dir='ltr'>missarum</span> <span class='ocrx_word' id='word_1_101' title='bbox 605 1069 634 1099; x_wconf 92' lang='lat' dir='ltr'>et</span> <span class='ocrx_word' id='word_1_102' title='bbox 658 1075 713 1098; x_wconf 89' lang='lat' dir='ltr'>seu</span> <span class='ocrx_word' id='word_1_103' title='bbox 736 1065 911 1098; x_wconf 83' lang='lat' dir='ltr'>anniversa-</span> 
     </span>
     <span class='ocr_line' id='line_1_21' title="bbox 175 1118 909 1152; baseline -0.001 0"><span class='ocrx_word' id='word_1_104' title='bbox 175 1119 296 1152; x_wconf 83' lang='lat' dir='ltr'>riorum</span> <span class='ocrx_word' id='word_1_105' title='bbox 323 1118 496 1152; x_wconf 87' lang='lat' dir='ltr'>aliorumve</span> <span class='ocrx_word' id='word_1_106' title='bbox 524 1118 701 1151; x_wconf 88' lang='lat' dir='ltr'>divinorum</span> <span class='ocrx_word' id='word_1_107' title='bbox 735 1118 909 1152; x_wconf 85' lang='lat' dir='ltr'>officiorum</span> 
     </span>
     <span class='ocr_line' id='line_1_22' title="bbox 175 1171 909 1215; baseline -0.001 -10"><span class='ocrx_word' id='word_1_108' title='bbox 175 1177 205 1205; x_wconf 86' lang='lat' dir='ltr'>et</span> <span class='ocrx_word' id='word_1_109' title='bbox 228 1171 451 1215; x_wconf 80' lang='lat' dir='ltr'>suffragiorum</span> <span class='ocrx_word' id='word_1_110' title='bbox 479 1175 508 1205; x_wconf 91' lang='lat' dir='ltr'>et</span> <span class='ocrx_word' id='word_1_111' title='bbox 531 1171 634 1205; x_wconf 80' lang='lat' dir='ltr'>forsan</span> <span class='ocrx_word' id='word_1_112' title='bbox 658 1171 727 1204; x_wconf 87' lang='lat' dir='ltr'>aliis</span> <span class='ocrx_word' id='word_1_113' title='bbox 750 1171 909 1214; x_wconf 86' lang='lat' dir='ltr'>oneribus,</span> 
     </span>
     <span class='ocr_line' id='line_1_23' title="bbox 175 1224 909 1268; baseline -0.003 -9"><span class='ocrx_word' id='word_1_114' title='bbox 175 1236 210 1259; x_wconf 85' lang='lat' dir='ltr'>ac</span> <span class='ocrx_word' id='word_1_115' title='bbox 235 1225 327 1258; x_wconf 87' lang='lat' dir='ltr'>etiam</span> <span class='ocrx_word' id='word_1_116' title='bbox 344 1225 410 1258; x_wconf 89' lang='lat' dir='ltr'>sine</span> <span class='ocrx_word' id='word_1_117' title='bbox 427 1224 586 1266; x_wconf 90' lang='lat' dir='ltr'>oneribus,</span> <span class='ocrx_word' id='word_1_118' title='bbox 595 1225 770 1268; x_wconf 87' lang='lat' dir='ltr'>respective</span> <span class='ocrx_word' id='word_1_119' title='bbox 783 1225 909 1267; x_wconf 86' lang='lat' dir='ltr'>relictis,</span> 
     </span>
     <span class='ocr_line' id='line_1_24' title="bbox 174 1278 911 1323; baseline -0.001 -11"><span class='ocrx_word' id='word_1_120' title='bbox 174 1279 297 1312; x_wconf 87' lang='lat' dir='ltr'>diversa</span> <span class='ocrx_word' id='word_1_121' title='bbox 313 1283 464 1323; x_wconf 89' lang='lat' dir='ltr'>perpetua</span> <span class='ocrx_word' id='word_1_122' title='bbox 477 1278 630 1322; x_wconf 88' lang='lat' dir='ltr'>simplicia</span> <span class='ocrx_word' id='word_1_123' title='bbox 644 1278 796 1311; x_wconf 87' lang='lat' dir='ltr'>beneficia</span> <span class='ocrx_word' id='word_1_124' title='bbox 815 1279 911 1311; x_wconf 90' lang='lat' dir='ltr'>eccle-</span> 
     </span>
     <span class='ocr_line' id='line_1_25' title="bbox 175 1331 910 1365; baseline 0 0"><span class='ocrx_word' id='word_1_125' title='bbox 175 1332 298 1365; x_wconf 86' lang='lat' dir='ltr'>siastica</span> <span class='ocrx_word' id='word_1_126' title='bbox 328 1332 360 1364; x_wconf 88' lang='lat' dir='ltr'>in</span> <span class='ocrx_word' id='word_1_127' title='bbox 390 1331 520 1364; x_wconf 90' lang='lat' dir='ltr'>diversis</span> <span class='ocrx_word' id='word_1_128' title='bbox 552 1331 692 1365; x_wconf 90' lang='lat' dir='ltr'>ecclesiis</span> <span class='ocrx_word' id='word_1_129' title='bbox 724 1336 755 1364; x_wconf 89' lang='lat' dir='ltr'>et</span> <span class='ocrx_word' id='word_1_130' title='bbox 779 1331 910 1365; x_wconf 88' lang='lat' dir='ltr'>diversis</span> 
     </span>
     <span class='ocr_line' id='line_1_26' title="bbox 176 1384 909 1429; baseline 0 -11"><span class='ocrx_word' id='word_1_131' title='bbox 176 1384 380 1429; x_wconf 86' lang='lat' dir='ltr'>temporibus,</span> <span class='ocrx_word' id='word_1_132' title='bbox 411 1389 473 1418; x_wconf 89' lang='lat' dir='ltr'>tam</span> <span class='ocrx_word' id='word_1_133' title='bbox 498 1389 606 1418; x_wconf 87' lang='lat' dir='ltr'>nostro</span> <span class='ocrx_word' id='word_1_134' title='bbox 638 1390 726 1418; x_wconf 87' lang='lat' dir='ltr'>motu</span> <span class='ocrx_word' id='word_1_135' title='bbox 758 1385 909 1429; x_wconf 85' lang='lat' dir='ltr'>proprio,</span> 
     </span>
     <span class='ocr_line' id='line_1_27' title="bbox 175 1438 912 1483; baseline 0 -12"><span class='ocrx_word' id='word_1_136' title='bbox 175 1449 268 1483; x_wconf 87' lang='lat' dir='ltr'>quam</span> <span class='ocrx_word' id='word_1_137' title='bbox 286 1438 324 1471; x_wconf 88' lang='lat' dir='ltr'>ad</span> <span class='ocrx_word' id='word_1_138' title='bbox 340 1438 536 1471; x_wconf 88' lang='lat' dir='ltr'>diversorum</span> <span class='ocrx_word' id='word_1_139' title='bbox 553 1438 827 1482; x_wconf 81' lang='lat' dir='ltr'>supplicationem,</span> <span class='ocrx_word' id='word_1_140' title='bbox 841 1450 912 1483; x_wconf 91' lang='lat' dir='ltr'>apo-</span> 
     </span>
     <span class='ocr_line' id='line_1_28' title="bbox 175 1492 912 1536; baseline 0.001 -10"><span class='ocrx_word' id='word_1_141' title='bbox 175 1492 286 1526; x_wconf 78' lang='lat' dir='ltr'>stolica</span> <span class='ocrx_word' id='word_1_142' title='bbox 310 1492 492 1526; x_wconf 84' lang='lat' dir='ltr'>auctoritate</span> <span class='ocrx_word' id='word_1_143' title='bbox 522 1497 676 1536; x_wconf 88' lang='lat' dir='ltr'>perpetuo</span> <span class='ocrx_word' id='word_1_144' title='bbox 701 1492 858 1525; x_wconf 82' lang='lat' dir='ltr'>ereximus</span> <span class='ocrx_word' id='word_1_145' title='bbox 883 1497 912 1527; x_wconf 90' lang='lat' dir='ltr'>et</span> 
     </span>
     <span class='ocr_line' id='line_1_29' title="bbox 177 1544 913 1588; baseline 0 -10"><span class='ocrx_word' id='word_1_146' title='bbox 177 1545 378 1587; x_wconf 83' lang='lat' dir='ltr'>instituimus,</span> <span class='ocrx_word' id='word_1_147' title='bbox 396 1544 518 1588; x_wconf 86' lang='lat' dir='ltr'>illisque</span> <span class='ocrx_word' id='word_1_148' title='bbox 538 1544 582 1578; x_wconf 91' lang='lat' dir='ltr'>sic</span> <span class='ocrx_word' id='word_1_149' title='bbox 606 1545 717 1579; x_wconf 88' lang='lat' dir='ltr'>erectis</span> <span class='ocrx_word' id='word_1_150' title='bbox 741 1550 771 1578; x_wconf 88' lang='lat' dir='ltr'>et</span> <span class='ocrx_word' id='word_1_151' title='bbox 795 1546 913 1579; x_wconf 88' lang='lat' dir='ltr'>institu-</span> 
     </span>
     <span class='ocr_line' id='line_1_30' title="bbox 179 1597 913 1642; baseline 0.001 -11"><span class='ocrx_word' id='word_1_152' title='bbox 179 1599 228 1638; x_wconf 89' lang='lat' dir='ltr'>tis,</span> <span class='ocrx_word' id='word_1_153' title='bbox 242 1608 301 1642; x_wconf 88' lang='lat' dir='ltr'>pro</span> <span class='ocrx_word' id='word_1_154' title='bbox 326 1607 435 1630; x_wconf 88' lang='lat' dir='ltr'>eorum</span> <span class='ocrx_word' id='word_1_155' title='bbox 460 1597 533 1630; x_wconf 91' lang='lat' dir='ltr'>dote</span> <span class='ocrx_word' id='word_1_156' title='bbox 561 1602 591 1630; x_wconf 88' lang='lat' dir='ltr'>et</span> <span class='ocrx_word' id='word_1_157' title='bbox 615 1597 667 1630; x_wconf 86' lang='lat' dir='ltr'>illa</span> <span class='ocrx_word' id='word_1_158' title='bbox 690 1608 748 1641; x_wconf 90' lang='lat' dir='ltr'>pro</span> <span class='ocrx_word' id='word_1_159' title='bbox 772 1603 913 1642; x_wconf 89' lang='lat' dir='ltr'>tempore</span> 
     </span>
     <span class='ocr_line' id='line_1_31' title="bbox 179 1649 913 1695; baseline 0.001 -11"><span class='ocrx_word' id='word_1_160' title='bbox 179 1650 385 1685; x_wconf 90' lang='lat' dir='ltr'>obtinentium</span> <span class='ocrx_word' id='word_1_161' title='bbox 397 1649 650 1692; x_wconf 82' lang='lat' dir='ltr'>substentatione,</span> <span class='ocrx_word' id='word_1_162' title='bbox 661 1661 856 1695; x_wconf 89' lang='lat' dir='ltr'>onerumque</span> <span class='ocrx_word' id='word_1_163' title='bbox 870 1652 913 1685; x_wconf 88' lang='lat' dir='ltr'>eis</span> 
     </span>
     <span class='ocr_line' id='line_1_32' title="bbox 180 1704 913 1748; baseline 0.001 -10"><span class='ocrx_word' id='word_1_164' title='bbox 180 1704 426 1738; x_wconf 87' lang='lat' dir='ltr'>incumbentium</span> <span class='ocrx_word' id='word_1_165' title='bbox 447 1704 692 1748; x_wconf 82' lang='lat' dir='ltr'>supportatione,</span> <span class='ocrx_word' id='word_1_166' title='bbox 710 1710 773 1738; x_wconf 83' lang='lat' dir='ltr'>tam</span> <span class='ocrx_word' id='word_1_167' title='bbox 794 1706 825 1738; x_wconf 89' lang='lat' dir='ltr'>in</span> <span class='ocrx_word' id='word_1_168' title='bbox 844 1710 913 1740; x_wconf 86' lang='lat' dir='ltr'>actu</span> 
     </span>
     <span class='ocr_line' id='line_1_33' title="bbox 180 1758 914 1802; baseline 0 -11"><span class='ocrx_word' id='word_1_169' title='bbox 180 1759 318 1802; x_wconf 88' lang='lat' dir='ltr'>ipsarum</span> <span class='ocrx_word' id='word_1_170' title='bbox 335 1758 527 1792; x_wconf 86' lang='lat' dir='ltr'>ereetionum</span> <span class='ocrx_word' id='word_1_171' title='bbox 545 1762 575 1790; x_wconf 89' lang='lat' dir='ltr'>ct</span> <span class='ocrx_word' id='word_1_172' title='bbox 591 1758 835 1801; x_wconf 89' lang='lat' dir='ltr'>applicationum</span> <span class='ocrx_word' id='word_1_173' title='bbox 849 1760 914 1802; x_wconf 88' lang='lat' dir='ltr'>plu-</span> 
     </span>
     <span class='ocr_line' id='line_1_34' title="bbox 179 1810 913 1855; baseline 0 -11"><span class='ocrx_word' id='word_1_174' title='bbox 179 1811 269 1851; x_wconf 89' lang='lat' dir='ltr'>rima,</span> <span class='ocrx_word' id='word_1_175' title='bbox 293 1820 387 1854; x_wconf 86' lang='lat' dir='ltr'>quam</span> <span class='ocrx_word' id='word_1_176' title='bbox 412 1810 504 1843; x_wconf 88' lang='lat' dir='ltr'>etiam</span> <span class='ocrx_word' id='word_1_177' title='bbox 530 1810 642 1843; x_wconf 90' lang='lat' dir='ltr'>deinde</span> <span class='ocrx_word' id='word_1_178' title='bbox 662 1811 693 1843; x_wconf 91' lang='lat' dir='ltr'>in</span> <span class='ocrx_word' id='word_1_179' title='bbox 709 1811 852 1855; x_wconf 88' lang='lat' dir='ltr'>pluribus</span> <span class='ocrx_word' id='word_1_180' title='bbox 872 1813 913 1844; x_wconf 86' lang='lat' dir='ltr'>vi-</span> 
     </span>
     <span class='ocr_line' id='line_1_35' title="bbox 179 1862 913 1906; baseline 0.001 -10"><span class='ocrx_word' id='word_1_181' title='bbox 179 1863 266 1896; x_wconf 88' lang='lat' dir='ltr'>cibus</span> <span class='ocrx_word' id='word_1_182' title='bbox 282 1863 405 1896; x_wconf 88' lang='lat' dir='ltr'>diversa</span> <span class='ocrx_word' id='word_1_183' title='bbox 421 1862 480 1895; x_wconf 89' lang='lat' dir='ltr'>alia</span> <span class='ocrx_word' id='word_1_184' title='bbox 504 1863 605 1906; x_wconf 81' lang='lat' dir='ltr'>legata</span> <span class='ocrx_word' id='word_1_185' title='bbox 621 1873 677 1896; x_wconf 92' lang='lat' dir='ltr'>seu</span> <span class='ocrx_word' id='word_1_186' title='bbox 700 1864 782 1897; x_wconf 89' lang='lat' dir='ltr'>bona</span> <span class='ocrx_word' id='word_1_187' title='bbox 799 1864 913 1897; x_wconf 80' lang='lat' dir='ltr'>similia</span> 
     </span>
     <span class='ocr_line' id='line_1_36' title="bbox 178 1916 913 1957; baseline 0.001 -8"><span class='ocrx_word' id='word_1_188' title='bbox 178 1927 249 1949; x_wconf 90' lang='lat' dir='ltr'>cum</span> <span class='ocrx_word' id='word_1_189' title='bbox 273 1916 427 1949; x_wconf 90' lang='lat' dir='ltr'>similibus</span> <span class='ocrx_word' id='word_1_190' title='bbox 451 1916 610 1957; x_wconf 88' lang='lat' dir='ltr'>oneribus,</span> <span class='ocrx_word' id='word_1_191' title='bbox 630 1927 665 1949; x_wconf 86' lang='lat' dir='ltr'>ac</span> <span class='ocrx_word' id='word_1_192' title='bbox 690 1917 783 1950; x_wconf 87' lang='lat' dir='ltr'>etiam</span> <span class='ocrx_word' id='word_1_193' title='bbox 808 1919 913 1951; x_wconf 82' lang='lat' dir='ltr'>forsan</span> 
     </span>
     <span class='ocr_line' id='line_1_37' title="bbox 178 1968 913 2009; baseline 0.003 -8"><span class='ocrx_word' id='word_1_194' title='bbox 178 1969 244 2002; x_wconf 89' lang='lat' dir='ltr'>sine</span> <span class='ocrx_word' id='word_1_195' title='bbox 268 1969 328 2002; x_wconf 91' lang='lat' dir='ltr'>illis</span> <span class='ocrx_word' id='word_1_196' title='bbox 344 1996 352 2009; x_wconf 96' lang='lat'><em>‚</em></span> <span class='ocrx_word' id='word_1_197' title='bbox 376 1968 493 2002; x_wconf 88' lang='lat' dir='ltr'>eisdem</span> <span class='ocrx_word' id='word_1_198' title='bbox 524 1979 578 2002; x_wconf 87' lang='lat' dir='ltr'>seu</span> <span class='ocrx_word' id='word_1_199' title='bbox 602 1969 670 2002; x_wconf 86' lang='lat' dir='ltr'>aliis</span> <span class='ocrx_word' id='word_1_200' title='bbox 695 1969 839 2004; x_wconf 91' lang='lat' dir='ltr'>domibus</span> <span class='ocrx_word' id='word_1_201' title='bbox 864 1981 913 2003; x_wconf 90' lang='lat' dir='ltr'>re-</span> 
     </span>
     <span class='ocr_line' id='line_1_38' title="bbox 178 2021 914 2067; baseline 0.003 -12"><span class='ocrx_word' id='word_1_202' title='bbox 178 2022 340 2067; x_wconf 82' lang='lat' dir='ltr'>gularibus</span> <span class='ocrx_word' id='word_1_203' title='bbox 369 2021 553 2056; x_wconf 88' lang='lat' dir='ltr'>eorumdem</span> <span class='ocrx_word' id='word_1_204' title='bbox 581 2022 715 2055; x_wconf 80' lang='lat' dir='ltr'>fratrum</span> <span class='ocrx_word' id='word_1_205' title='bbox 751 2024 844 2057; x_wconf 88' lang='lat' dir='ltr'>etiam</span> <span class='ocrx_word' id='word_1_206' title='bbox 880 2030 914 2057; x_wconf 92' lang='lat' dir='ltr'>ut</span> 
     </span>
     <span class='ocr_line' id='line_1_39' title="bbox 178 2076 914 2120; baseline 0.004 -12"><span class='ocrx_word' id='word_1_207' title='bbox 178 2076 354 2120; x_wconf 87' lang='lat' dir='ltr'>praefertur</span> <span class='ocrx_word' id='word_1_208' title='bbox 378 2076 505 2116; x_wconf 86' lang='lat' dir='ltr'>relicta,</span> <span class='ocrx_word' id='word_1_209' title='bbox 525 2076 618 2109; x_wconf 89' lang='lat' dir='ltr'>etiam</span> <span class='ocrx_word' id='word_1_210' title='bbox 638 2077 744 2110; x_wconf 86' lang='lat' dir='ltr'>forsan</span> <span class='ocrx_word' id='word_1_211' title='bbox 768 2088 840 2110; x_wconf 90' lang='lat' dir='ltr'>cum</span> <span class='ocrx_word' id='word_1_212' title='bbox 865 2088 914 2111; x_wconf 87' lang='lat' dir='ltr'>eo-</span> 
     </span>
     <span class='ocr_line' id='line_1_40' title="bbox 180 2129 913 2174; baseline 0.004 -12"><span class='ocrx_word' id='word_1_213' title='bbox 180 2140 250 2163; x_wconf 86' lang='lat' dir='ltr'>rum</span> <span class='ocrx_word' id='word_1_214' title='bbox 262 2129 416 2163; x_wconf 89' lang='lat' dir='ltr'>fructibus</span> <span class='ocrx_word' id='word_1_215' title='bbox 429 2134 556 2163; x_wconf 85' lang='lat' dir='ltr'>eatenus</span> <span class='ocrx_word' id='word_1_216' title='bbox 573 2130 745 2174; x_wconf 76' lang='lat' dir='ltr'>respective</span> <span class='ocrx_word' id='word_1_217' title='bbox 762 2131 913 2173; x_wconf 86' lang='lat' dir='ltr'>decursis,</span> 
     </span>
     <span class='ocr_line' id='line_1_41' title="bbox 179 2183 914 2229; baseline 0.003 -13"><span class='ocrx_word' id='word_1_218' title='bbox 179 2183 272 2216; x_wconf 89' lang='lat' dir='ltr'>etiam</span> <span class='ocrx_word' id='word_1_219' title='bbox 296 2183 401 2216; x_wconf 87' lang='lat' dir='ltr'>forsan</span> <span class='ocrx_word' id='word_1_220' title='bbox 425 2193 483 2227; x_wconf 87' lang='lat' dir='ltr'>pro</span> <span class='ocrx_word' id='word_1_221' title='bbox 517 2184 735 2228; x_wconf 88' lang='lat' dir='ltr'>supplemento</span> <span class='ocrx_word' id='word_1_222' title='bbox 760 2195 816 2217; x_wconf 90' lang='lat' dir='ltr'>scu</span> <span class='ocrx_word' id='word_1_223' title='bbox 840 2195 914 2229; x_wconf 81' lang='lat' dir='ltr'>aug-</span> 
     </span>
     <span class='ocr_line' id='line_1_42' title="bbox 180 2236 914 2282; baseline 0.003 -12"><span class='ocrx_word' id='word_1_224' title='bbox 180 2241 285 2271; x_wconf 90' lang='lat' dir='ltr'>mento</span> <span class='ocrx_word' id='word_1_225' title='bbox 308 2236 389 2270; x_wconf 91' lang='lat' dir='ltr'>dotis</span> <span class='ocrx_word' id='word_1_226' title='bbox 412 2236 609 2277; x_wconf 89' lang='lat' dir='ltr'>huiusmodi,</span> <span class='ocrx_word' id='word_1_227' title='bbox 635 2237 727 2270; x_wconf 89' lang='lat' dir='ltr'>etiam</span> <span class='ocrx_word' id='word_1_228' title='bbox 760 2244 914 2282; x_wconf 90' lang='lat' dir='ltr'>perpetuo</span> 
     </span>
     <span class='ocr_line' id='line_1_43' title="bbox 180 2290 913 2336; baseline 0.003 -13"><span class='ocrx_word' id='word_1_229' title='bbox 180 2290 404 2335; x_wconf 87' lang='lat' dir='ltr'>applicavimus</span> <span class='ocrx_word' id='word_1_230' title='bbox 416 2295 446 2324; x_wconf 91' lang='lat' dir='ltr'>et</span> <span class='ocrx_word' id='word_1_231' title='bbox 458 2290 742 2335; x_wconf 88' lang='lat' dir='ltr'>appropriavimus,</span> <span class='ocrx_word' id='word_1_232' title='bbox 755 2301 913 2336; x_wconf 83' lang='lat' dir='ltr'>oneraque</span> 
     </span>
     <span class='ocr_line' id='line_1_44' title="bbox 180 2344 914 2389; baseline 0.004 -13"><span class='ocrx_word' id='word_1_233' title='bbox 180 2344 297 2377; x_wconf 80' lang='lat' dir='ltr'>eisdem</span> <span class='ocrx_word' id='word_1_234' title='bbox 321 2344 447 2387; x_wconf 79' lang='lat' dir='ltr'>legatis,</span> <span class='ocrx_word' id='word_1_235' title='bbox 471 2354 526 2378; x_wconf 89' lang='lat' dir='ltr'>scu</span> <span class='ocrx_word' id='word_1_236' title='bbox 549 2344 655 2385; x_wconf 87' lang='lat' dir='ltr'>bonis,</span> <span class='ocrx_word' id='word_1_237' title='bbox 679 2350 713 2378; x_wconf 87' lang='lat' dir='ltr'>ut</span> <span class='ocrx_word' id='word_1_238' title='bbox 737 2346 914 2389; x_wconf 83' lang='lat' dir='ltr'>praefertur</span> 
     </span>
     <span class='ocr_line' id='line_1_45' title="bbox 180 2397 914 2433; baseline 0.003 -3"><span class='ocrx_word' id='word_1_239' title='bbox 180 2397 391 2431; x_wconf 88' lang='lat' dir='ltr'>incumbentia</span> <span class='ocrx_word' id='word_1_240' title='bbox 415 2397 453 2431; x_wconf 86' lang='lat' dir='ltr'>ad</span> <span class='ocrx_word' id='word_1_241' title='bbox 475 2403 594 2432; x_wconf 90' lang='lat' dir='ltr'>certum</span> <span class='ocrx_word' id='word_1_242' title='bbox 621 2398 786 2432; x_wconf 87' lang='lat' dir='ltr'>missarum</span> <span class='ocrx_word' id='word_1_243' title='bbox 806 2409 914 2433; x_wconf 87' lang='lat' dir='ltr'>nume-</span> 
     </span>
    </p>
   </div>
   <div class='ocr_carea' id='block_1_6' title="bbox 180 2477 913 2555">
    <p class='ocr_par' dir='ltr' id='par_1_6' title="bbox 180 2477 913 2555">
     <span class='ocr_line' id='line_1_46' title="bbox 180 2477 913 2512; baseline 0.003 -8"><span class='ocrx_word' id='word_1_244' title='bbox 180 2480 306 2504; x_wconf 85' lang='lat' dir='ltr'>annotata</span> <span class='ocrx_word' id='word_1_245' title='bbox 324 2477 352 2503; x_wconf 90' lang='lat' dir='ltr'>in</span> <span class='ocrx_word' id='word_1_246' title='bbox 370 2477 520 2512; x_wconf 85' lang='lat' dir='ltr'>repertorio</span> <span class='ocrx_word' id='word_1_247' title='bbox 546 2477 736 2512; x_wconf 83' lang='lat' dir='ltr'>materiarum,</span> <span class='ocrx_word' id='word_1_248' title='bbox 760 2478 810 2506; x_wconf 89' lang='lat' dir='ltr'>sub</span> <span class='ocrx_word' id='word_1_249' title='bbox 832 2479 913 2506; x_wconf 89' lang='lat' dir='ltr'>verbo</span> 
     </span>
     <span class='ocr_line' id='line_1_47' title="bbox 180 2520 368 2555; baseline 0 -7"><span class='ocrx_word' id='word_1_250' title='bbox 180 2520 368 2555; x_wconf 78' lang='lat' dir='ltr'>Beneficium.</span> 
     </span>
    </p>
   </div>
   <div class='ocr_carea' id='block_1_7' title="bbox 217 2564 912 2603">
    <p class='ocr_par' dir='ltr' id='par_1_7' title="bbox 217 2564 912 2603">
     <span class='ocr_line' id='line_1_48' title="bbox 217 2564 912 2603; baseline 0.006 -12"><span class='ocrx_word' id='word_1_251' title='bbox 217 2565 230 2591; x_wconf 89' lang='lat'>1</span> <span class='ocrx_word' id='word_1_252' title='bbox 252 2564 368 2593; x_wconf 82' lang='lat' dir='ltr'>Pessime</span> <span class='ocrx_word' id='word_1_253' title='bbox 384 2565 425 2594; x_wconf 80' lang='lat' dir='ltr'>ed·</span> <span class='ocrx_word' id='word_1_254' title='bbox 440 2565 520 2594; x_wconf 65' lang='grc' dir='ltr'>Μαίη.</span> <span class='ocrx_word' id='word_1_255' title='bbox 537 2566 600 2602; x_wconf 85' lang='lat' dir='ltr'>legit</span> <span class='ocrx_word' id='word_1_256' title='bbox 617 2573 672 2595; x_wconf 73' lang='lat' dir='ltr'>non</span> <span class='ocrx_word' id='word_1_257' title='bbox 687 2575 736 2602; x_wconf 85' lang='lat' dir='ltr'>pro</span> <span class='ocrx_word' id='word_1_258' title='bbox 751 2575 801 2595; x_wconf 79' lang='lat' dir='ltr'>nos</span> <span class='ocrx_word' id='word_1_259' title='bbox 815 2567 853 2603; x_wconf 77' lang='lat' dir='ltr'>(n.</span> <span class='ocrx_word' id='word_1_260' title='bbox 864 2568 912 2603; x_wconf 81' lang='grc' dir='ltr'><strong>τ.).</strong></span> 
     </span>
    </p>
   </div>
   <div class='ocr_carea' id='block_1_8' title="bbox 925 966 936 2506">
    <p class='ocr_par' dir='ltr' id='par_1_8' title="bbox 925 966 936 2506">
     <span class='ocr_line' id='line_1_49' title="bbox 925 966 936 2506; baseline 0 0"><span class='ocrx_word' id='word_1_261' title='bbox 925 966 936 2506; x_wconf 95' lang='lat' dir='ltr'> </span> 
     </span>
    </p>
   </div>
   <div class='ocr_carea' id='block_1_9' title="bbox 941 215 1688 2603">
    <p class='ocr_par' dir='ltr' id='par_1_9' title="bbox 941 215 1682 885">
     <span class='ocr_line' id='line_1_50' title="bbox 941 215 1677 259; baseline 0.003 -13"><span class='ocrx_word' id='word_1_262' title='bbox 941 225 1009 246; x_wconf 86' lang='lat' dir='ltr'>rum</span> <span class='ocrx_word' id='word_1_263' title='bbox 1036 225 1090 258; x_wconf 86' lang='lat' dir='ltr'>per</span> <span class='ocrx_word' id='word_1_264' title='bbox 1115 225 1369 259; x_wconf 86' lang='lat' dir='ltr'>unumquemque</span> <span class='ocrx_word' id='word_1_265' title='bbox 1401 225 1437 248; x_wconf 84' lang='lat' dir='ltr'>ex</span> <span class='ocrx_word' id='word_1_266' title='bbox 1466 215 1677 248; x_wconf 87' lang='lat' dir='ltr'>obtinentibus</span> 
     </span>
     <span class='ocr_line' id='line_1_51' title="bbox 941 269 1677 311; baseline 0.003 -12"><span class='ocrx_word' id='word_1_267' title='bbox 941 277 1166 311; x_wconf 84' lang='lat' dir='ltr'>ununiquoque</span> <span class='ocrx_word' id='word_1_268' title='bbox 1190 279 1226 301; x_wconf 80' lang='lat' dir='ltr'>ex</span> <span class='ocrx_word' id='word_1_269' title='bbox 1248 269 1409 302; x_wconf 84' lang='lat' dir='ltr'>beneficiis</span> <span class='ocrx_word' id='word_1_270' title='bbox 1432 269 1613 302; x_wconf 86' lang='lat' dir='ltr'>huiusmodi</span> <span class='ocrx_word' id='word_1_271' title='bbox 1629 269 1677 302; x_wconf 85' lang='lat' dir='ltr'>vel</span> 
     </span>
     <span class='ocr_line' id='line_1_52' title="bbox 942 322 1674 367; baseline 0.005 -15"><span class='ocrx_word' id='word_1_272' title='bbox 942 331 997 364; x_wconf 86' lang='lat' dir='ltr'>per</span> <span class='ocrx_word' id='word_1_273' title='bbox 1022 322 1116 353; x_wconf 85' lang='lat' dir='ltr'>alium</span> <span class='ocrx_word' id='word_1_274' title='bbox 1142 322 1208 355; x_wconf 90' lang='lat' dir='ltr'>cius</span> <span class='ocrx_word' id='word_1_275' title='bbox 1232 324 1359 355; x_wconf 88' lang='lat' dir='ltr'>nomine</span> <span class='ocrx_word' id='word_1_276' title='bbox 1390 322 1565 367; x_wconf 85' lang='lat' dir='ltr'>respective</span> <span class='ocrx_word' id='word_1_277' title='bbox 1590 323 1674 356; x_wconf 63' lang='lat' dir='ltr'>celem</span> 
     </span>
     <span class='ocr_line' id='line_1_53' title="bbox 941 373 1679 419; baseline 0.004 -14"><span class='ocrx_word' id='word_1_278' title='bbox 941 373 1068 406; x_wconf 83' lang='lat' dir='ltr'>brandis</span> <span class='ocrx_word' id='word_1_279' title='bbox 1098 374 1192 407; x_wconf 86' lang='lat' dir='ltr'>etiam</span> <span class='ocrx_word' id='word_1_280' title='bbox 1225 381 1380 419; x_wconf 88' lang='lat' dir='ltr'>perpetuo</span> <span class='ocrx_word' id='word_1_281' title='bbox 1411 376 1617 417; x_wconf 84' lang='lat' dir='ltr'>reduximus,</span> <span class='ocrx_word' id='word_1_282' title='bbox 1643 386 1679 409; x_wconf 88' lang='lat' dir='ltr'>ae</span> 
     </span>
     <span class='ocr_line' id='line_1_54' title="bbox 942 427 1678 473; baseline 0.005 -15"><span class='ocrx_word' id='word_1_283' title='bbox 942 427 1118 460; x_wconf 89' lang='lat' dir='ltr'>obtinentes</span> <span class='ocrx_word' id='word_1_284' title='bbox 1134 427 1286 461; x_wconf 85' lang='lat' dir='ltr'>beneficia</span> <span class='ocrx_word' id='word_1_285' title='bbox 1302 428 1482 463; x_wconf 87' lang='lat' dir='ltr'>huiusmodi</span> <span class='ocrx_word' id='word_1_286' title='bbox 1498 429 1536 462; x_wconf 90' lang='lat' dir='ltr'>ad</span> <span class='ocrx_word' id='word_1_287' title='bbox 1553 429 1678 473; x_wconf 81' lang='lat' dir='ltr'>aliquod</span> 
     </span>
     <span class='ocr_line' id='line_1_55' title="bbox 942 480 1679 524; baseline 0.005 -12"><span class='ocrx_word' id='word_1_288' title='bbox 942 480 1024 512; x_wconf 90' lang='lat' dir='ltr'>aliud</span> <span class='ocrx_word' id='word_1_289' title='bbox 1045 490 1137 524; x_wconf 89' lang='lat' dir='ltr'>quam</span> <span class='ocrx_word' id='word_1_290' title='bbox 1158 480 1313 514; x_wconf 86' lang='lat' dir='ltr'>dictarum</span> <span class='ocrx_word' id='word_1_291' title='bbox 1334 483 1501 515; x_wconf 85' lang='lat' dir='ltr'>missarum</span> <span class='ocrx_word' id='word_1_292' title='bbox 1518 492 1597 516; x_wconf 91' lang='lat' dir='ltr'>onus</span> <span class='ocrx_word' id='word_1_293' title='bbox 1617 492 1679 516; x_wconf 91' lang='lat' dir='ltr'>non</span> 
     </span>
     <span class='ocr_line' id='line_1_56' title="bbox 943 533 1680 581; baseline 0.004 -15"><span class='ocrx_word' id='word_1_294' title='bbox 943 533 1041 566; x_wconf 81' lang='lat' dir='ltr'>teneri</span> <span class='ocrx_word' id='word_1_295' title='bbox 1066 534 1233 575; x_wconf 90' lang='lat' dir='ltr'>voluimus,</span> <span class='ocrx_word' id='word_1_296' title='bbox 1257 534 1388 578; x_wconf 82' lang='lat' dir='ltr'>ipsaque</span> <span class='ocrx_word' id='word_1_297' title='bbox 1412 536 1563 569; x_wconf 81' lang='lat' dir='ltr'>beneficia</span> <span class='ocrx_word' id='word_1_298' title='bbox 1580 547 1597 569; x_wconf 88' lang='lat' dir='ltr'>a</span> <span class='ocrx_word' id='word_1_299' title='bbox 1618 537 1680 581; x_wconf 92' lang='lat' dir='ltr'>pri-</span> 
     </span>
     <span class='ocr_line' id='line_1_57' title="bbox 944 587 1680 623; baseline 0.005 -4"><span class='ocrx_word' id='word_1_300' title='bbox 944 588 1051 620; x_wconf 79' lang='lat' dir='ltr'>maeva</span> <span class='ocrx_word' id='word_1_301' title='bbox 1082 587 1208 621; x_wconf 89' lang='lat' dir='ltr'>illorum</span> <span class='ocrx_word' id='word_1_302' title='bbox 1240 588 1396 621; x_wconf 81' lang='lat' dir='ltr'>erectione</span> <span class='ocrx_word' id='word_1_303' title='bbox 1427 592 1457 623; x_wconf 91' lang='lat' dir='ltr'>et</span> <span class='ocrx_word' id='word_1_304' title='bbox 1488 589 1680 623; x_wconf 89' lang='lat' dir='ltr'>institutione</span> 
     </span>
     <span class='ocr_line' id='line_1_58' title="bbox 944 639 1679 675; baseline 0.004 -3"><span class='ocrx_word' id='word_1_305' title='bbox 944 639 1123 673; x_wconf 88' lang='lat' dir='ltr'>huiusmodi</span> <span class='ocrx_word' id='word_1_306' title='bbox 1149 640 1287 673; x_wconf 87' lang='lat' dir='ltr'>vacantia</span> <span class='ocrx_word' id='word_1_307' title='bbox 1312 640 1444 674; x_wconf 85' lang='lat' dir='ltr'>diversis</span> <span class='ocrx_word' id='word_1_308' title='bbox 1475 642 1597 675; x_wconf 85' lang='lat' dir='ltr'>clericis</span> <span class='ocrx_word' id='word_1_309' title='bbox 1626 653 1679 675; x_wconf 89' lang='lat' dir='ltr'>seu</span> 
     </span>
     <span class='ocr_line' id='line_1_59' title="bbox 943 693 1679 737; baseline 0.003 -11"><span class='ocrx_word' id='word_1_310' title='bbox 943 693 1136 737; x_wconf 55' lang='lat' dir='ltr'>presbyteris</span> <span class='ocrx_word' id='word_1_311' title='bbox 1161 694 1361 735; x_wconf 87' lang='lat' dir='ltr'>contulimus,</span> <span class='ocrx_word' id='word_1_312' title='bbox 1387 699 1416 727; x_wconf 90' lang='lat' dir='ltr'>et</span> <span class='ocrx_word' id='word_1_313' title='bbox 1439 695 1477 728; x_wconf 92' lang='lat' dir='ltr'>de</span> <span class='ocrx_word' id='word_1_314' title='bbox 1502 695 1562 728; x_wconf 90' lang='lat' dir='ltr'>illis</span> <span class='ocrx_word' id='word_1_315' title='bbox 1587 696 1679 729; x_wconf 85' lang='lat' dir='ltr'>etiam</span> 
     </span>
     <span class='ocr_line' id='line_1_60' title="bbox 944 745 1682 789; baseline 0.004 -11"><span class='ocrx_word' id='word_1_316' title='bbox 944 745 1150 789; x_wconf 89' lang='lat' dir='ltr'>providimus,</span> <span class='ocrx_word' id='word_1_317' title='bbox 1170 751 1265 789; x_wconf 90' lang='lat' dir='ltr'>prout</span> <span class='ocrx_word' id='word_1_318' title='bbox 1290 747 1320 779; x_wconf 90' lang='lat' dir='ltr'>in</span> <span class='ocrx_word' id='word_1_319' title='bbox 1344 746 1476 780; x_wconf 86' lang='lat' dir='ltr'>diversis</span> <span class='ocrx_word' id='word_1_320' title='bbox 1500 748 1616 781; x_wconf 89' lang='lat' dir='ltr'>nostris</span> <span class='ocrx_word' id='word_1_321' title='bbox 1633 748 1682 781; x_wconf 89' lang='lat' dir='ltr'>de-</span> 
     </span>
     <span class='ocr_line' id='line_1_61' title="bbox 944 799 1682 845; baseline 0.004 -14"><span class='ocrx_word' id='word_1_322' title='bbox 944 809 1038 842; x_wconf 90' lang='lat' dir='ltr'>super</span> <span class='ocrx_word' id='word_1_323' title='bbox 1062 799 1210 833; x_wconf 82' lang='lat' dir='ltr'>consectis</span> <span class='ocrx_word' id='word_1_324' title='bbox 1227 800 1338 833; x_wconf 88' lang='lat' dir='ltr'>litteris</span> <span class='ocrx_word' id='word_1_325' title='bbox 1362 800 1487 844; x_wconf 90' lang='lat' dir='ltr'>plenius</span> <span class='ocrx_word' id='word_1_326' title='bbox 1507 802 1682 845; x_wconf 87' lang='lat' dir='ltr'>respective</span> 
     </span>
     <span class='ocr_line' id='line_1_62' title="bbox 944 852 1132 885; baseline 0.005 -1"><span class='ocrx_word' id='word_1_327' title='bbox 944 852 1132 885; x_wconf 86' lang='lat' dir='ltr'>continetur.</span> 
     </span>
    </p>

    <p class='ocr_par' dir='ltr' id='par_1_10' title="bbox 944 905 1688 2603">
     <span class='ocr_line' id='line_1_63' title="bbox 988 905 1683 951; baseline 0.004 -14"><span class='ocrx_word' id='word_1_328' title='bbox 988 905 1003 948; x_wconf 64' lang='lat' dir='ltr'>g</span> <span class='ocrx_word' id='word_1_329' title='bbox 1028 906 1056 938; x_wconf 84' lang='grc'>1.</span> <span class='ocrx_word' id='word_1_330' title='bbox 1082 906 1155 939; x_wconf 90' lang='lat' dir='ltr'>Cum</span> <span class='ocrx_word' id='word_1_331' title='bbox 1170 911 1285 946; x_wconf 88' lang='lat' dir='ltr'>autem,</span> <span class='ocrx_word' id='word_1_332' title='bbox 1301 906 1381 939; x_wconf 88' lang='lat' dir='ltr'>sicut</span> <span class='ocrx_word' id='word_1_333' title='bbox 1400 907 1591 951; x_wconf 88' lang='lat' dir='ltr'>accepimus,</span> <span class='ocrx_word' id='word_1_334' title='bbox 1609 917 1683 941; x_wconf 89' lang='lat' dir='ltr'>non-</span> 
     </span>
     <span class='ocr_line' id='line_1_64' title="bbox 944 958 1684 1002; baseline 0.004 -12"><span class='ocrx_word' id='word_1_335' title='bbox 944 958 1028 991; x_wconf 89' lang='lat' dir='ltr'>nulla</span> <span class='ocrx_word' id='word_1_336' title='bbox 1053 968 1088 991; x_wconf 80' lang='lat' dir='ltr'>ex</span> <span class='ocrx_word' id='word_1_337' title='bbox 1118 958 1208 991; x_wconf 86' lang='lat' dir='ltr'>dictis</span> <span class='ocrx_word' id='word_1_338' title='bbox 1240 960 1350 1002; x_wconf 74' lang='lat' dir='ltr'>legatis</span> <span class='ocrx_word' id='word_1_339' title='bbox 1381 970 1435 993; x_wconf 89' lang='lat' dir='ltr'>seu</span> <span class='ocrx_word' id='word_1_340' title='bbox 1466 960 1577 1001; x_wconf 88' lang='lat' dir='ltr'>bonis,</span> <span class='ocrx_word' id='word_1_341' title='bbox 1603 961 1684 993; x_wconf 87' lang='lat' dir='ltr'>sicut</span> 
     </span>
     <span class='ocr_line' id='line_1_65' title="bbox 944 1011 1681 1057; baseline 0.005 -15"><span class='ocrx_word' id='word_1_342' title='bbox 944 1011 1119 1054; x_wconf 88' lang='lat' dir='ltr'>praefertur</span> <span class='ocrx_word' id='word_1_343' title='bbox 1136 1012 1297 1056; x_wconf 87' lang='lat' dir='ltr'>applicatis</span> <span class='ocrx_word' id='word_1_344' title='bbox 1317 1017 1346 1045; x_wconf 90' lang='lat' dir='ltr'>et</span> <span class='ocrx_word' id='word_1_345' title='bbox 1365 1013 1592 1057; x_wconf 83' lang='lat' dir='ltr'>appropriatis,</span> <span class='ocrx_word' id='word_1_346' title='bbox 1611 1025 1681 1047; x_wconf 87' lang='lat' dir='ltr'>cum</span> 
     </span>
     <span class='ocr_line' id='line_1_66' title="bbox 944 1065 1684 1110; baseline 0.004 -13"><span class='ocrx_word' id='word_1_347' title='bbox 944 1075 1040 1098; x_wconf 88' lang='lat' dir='ltr'>onere</span> <span class='ocrx_word' id='word_1_348' title='bbox 1064 1065 1230 1099; x_wconf 83' lang='lat' dir='ltr'>dotationis</span> <span class='ocrx_word' id='word_1_349' title='bbox 1255 1066 1386 1099; x_wconf 87' lang='lat' dir='ltr'>alicuius</span> <span class='ocrx_word' id='word_1_350' title='bbox 1411 1067 1533 1110; x_wconf 87' lang='lat' dir='ltr'>puellae</span> <span class='ocrx_word' id='word_1_351' title='bbox 1559 1077 1613 1100; x_wconf 84' lang='lat' dir='ltr'>seu</span> <span class='ocrx_word' id='word_1_352' title='bbox 1632 1068 1684 1100; x_wconf 91' lang='lat' dir='ltr'>ali-</span> 
     </span>
     <span class='ocr_line' id='line_1_67' title="bbox 944 1119 1680 1162; baseline 0.005 -12"><span class='ocrx_word' id='word_1_353' title='bbox 944 1128 1077 1162; x_wconf 87' lang='lat' dir='ltr'>quarum</span> <span class='ocrx_word' id='word_1_354' title='bbox 1109 1119 1287 1162; x_wconf 82' lang='lat' dir='ltr'>puellarum</span> <span class='ocrx_word' id='word_1_355' title='bbox 1320 1120 1400 1152; x_wconf 89' lang='lat' dir='ltr'>inter</span> <span class='ocrx_word' id='word_1_356' title='bbox 1431 1124 1534 1154; x_wconf 87' lang='lat' dir='ltr'>cetera</span> <span class='ocrx_word' id='word_1_357' title='bbox 1564 1121 1680 1154; x_wconf 90' lang='lat' dir='ltr'>eisdem</span> 
     </span>
     <span class='ocr_line' id='line_1_68' title="bbox 944 1172 1683 1217; baseline 0.005 -13"><span class='ocrx_word' id='word_1_358' title='bbox 944 1172 1091 1205; x_wconf 86' lang='lat' dir='ltr'>fratribus</span> <span class='ocrx_word' id='word_1_359' title='bbox 1109 1173 1215 1205; x_wconf 88' lang='lat' dir='ltr'>relicta</span> <span class='ocrx_word' id='word_1_360' title='bbox 1240 1173 1363 1215; x_wconf 88' lang='lat' dir='ltr'>fuerint,</span> <span class='ocrx_word' id='word_1_361' title='bbox 1377 1173 1415 1206; x_wconf 83' lang='lat' dir='ltr'>ab</span> <span class='ocrx_word' id='word_1_362' title='bbox 1436 1174 1591 1217; x_wconf 86' lang='lat' dir='ltr'>aliquibus</span> <span class='ocrx_word' id='word_1_363' title='bbox 1610 1185 1683 1208; x_wconf 89' lang='lat' dir='ltr'>vero</span> 
     </span>
     <span class='ocr_line' id='line_1_69' title="bbox 945 1226 1685 1267; baseline 0.003 -9"><span class='ocrx_word' id='word_1_364' title='bbox 945 1230 1110 1259; x_wconf 88' lang='lat' dir='ltr'>revocetur</span> <span class='ocrx_word' id='word_1_365' title='bbox 1135 1226 1165 1258; x_wconf 94' lang='lat' dir='ltr'>in</span> <span class='ocrx_word' id='word_1_366' title='bbox 1187 1226 1329 1267; x_wconf 89' lang='lat' dir='ltr'>dubium,</span> <span class='ocrx_word' id='word_1_367' title='bbox 1349 1236 1387 1259; x_wconf 90' lang='lat' dir='ltr'>an</span> <span class='ocrx_word' id='word_1_368' title='bbox 1412 1227 1470 1259; x_wconf 89' lang='lat' dir='ltr'>sub</span> <span class='ocrx_word' id='word_1_369' title='bbox 1494 1227 1685 1260; x_wconf 88' lang='lat' dir='ltr'>reductioni-</span> 
     </span>
     <span class='ocr_line' id='line_1_70' title="bbox 945 1278 1683 1324; baseline 0.004 -14"><span class='ocrx_word' id='word_1_370' title='bbox 945 1278 1002 1311; x_wconf 83' lang='lat' dir='ltr'>bus</span> <span class='ocrx_word' id='word_1_371' title='bbox 1026 1288 1158 1311; x_wconf 87' lang='lat' dir='ltr'>oncrum</span> <span class='ocrx_word' id='word_1_372' title='bbox 1184 1279 1228 1312; x_wconf 91' lang='lat' dir='ltr'>sic</span> <span class='ocrx_word' id='word_1_373' title='bbox 1253 1279 1283 1311; x_wconf 89' lang='lat' dir='ltr'>in</span> <span class='ocrx_word' id='word_1_374' title='bbox 1309 1279 1440 1313; x_wconf 87' lang='lat' dir='ltr'>confuso</span> <span class='ocrx_word' id='word_1_375' title='bbox 1462 1290 1683 1324; x_wconf 77' lang='lat' dir='ltr'>expressorum</span> 
     </span>
     <span class='ocr_line' id='line_1_71' title="bbox 944 1333 1685 1376; baseline 0.005 -12"><span class='ocrx_word' id='word_1_376' title='bbox 944 1343 1000 1376; x_wconf 86' lang='lat' dir='ltr'>per</span> <span class='ocrx_word' id='word_1_377' title='bbox 1031 1342 1088 1365; x_wconf 93' lang='lat' dir='ltr'>nos</span> <span class='ocrx_word' id='word_1_378' title='bbox 1120 1337 1153 1364; x_wconf 87' lang='lat' dir='ltr'>ut</span> <span class='ocrx_word' id='word_1_379' title='bbox 1184 1333 1360 1376; x_wconf 88' lang='lat' dir='ltr'>praefertur</span> <span class='ocrx_word' id='word_1_380' title='bbox 1392 1333 1478 1366; x_wconf 88' lang='lat' dir='ltr'>factis</span> <span class='ocrx_word' id='word_1_381' title='bbox 1511 1334 1685 1368; x_wconf 87' lang='lat' dir='ltr'>dotationes</span> 
     </span>
     <span class='ocr_line' id='line_1_72' title="bbox 944 1385 1684 1428; baseline 0.004 -11"><span class='ocrx_word' id='word_1_382' title='bbox 944 1385 1066 1428; x_wconf 90' lang='lat' dir='ltr'>puellae</span> <span class='ocrx_word' id='word_1_383' title='bbox 1095 1395 1149 1417; x_wconf 88' lang='lat' dir='ltr'>seu</span> <span class='ocrx_word' id='word_1_384' title='bbox 1178 1386 1356 1428; x_wconf 88' lang='lat' dir='ltr'>puellarum</span> <span class='ocrx_word' id='word_1_385' title='bbox 1386 1385 1566 1419; x_wconf 87' lang='lat' dir='ltr'>huiusmodi</span> <span class='ocrx_word' id='word_1_386' title='bbox 1592 1398 1684 1420; x_wconf 89' lang='lat' dir='ltr'>com-</span> 
     </span>
     <span class='ocr_line' id='line_1_73' title="bbox 946 1438 1686 1481; baseline 0.005 -11"><span class='ocrx_word' id='word_1_387' title='bbox 946 1438 1118 1481; x_wconf 88' lang='lat' dir='ltr'>prehensae</span> <span class='ocrx_word' id='word_1_388' title='bbox 1134 1438 1308 1472; x_wconf 78' lang='lat' dir='ltr'>extiterint:</span> <span class='ocrx_word' id='word_1_389' title='bbox 1325 1449 1393 1480; x_wconf 92' lang='lat' dir='ltr'>nos,</span> <span class='ocrx_word' id='word_1_390' title='bbox 1406 1449 1444 1472; x_wconf 86' lang='lat' dir='ltr'>nc</span> <span class='ocrx_word' id='word_1_391' title='bbox 1458 1440 1588 1473; x_wconf 88' lang='lat' dir='ltr'>ulterius</span> <span class='ocrx_word' id='word_1_392' title='bbox 1603 1441 1686 1474; x_wconf 84' lang='lat' dir='ltr'>circa</span> 
     </span>
     <span class='ocr_line' id='line_1_74' title="bbox 945 1492 1687 1537; baseline 0.004 -13"><span class='ocrx_word' id='word_1_393' title='bbox 945 1492 1117 1535; x_wconf 88' lang='lat' dir='ltr'>praemissa</span> <span class='ocrx_word' id='word_1_394' title='bbox 1138 1502 1155 1524; x_wconf 90' lang='lat' dir='ltr'>a</span> <span class='ocrx_word' id='word_1_395' title='bbox 1177 1503 1336 1536; x_wconf 89' lang='lat' dir='ltr'>quoquam</span> <span class='ocrx_word' id='word_1_396' title='bbox 1357 1493 1505 1526; x_wconf 84' lang='lat' dir='ltr'>liaesitari</span> <span class='ocrx_word' id='word_1_397' title='bbox 1526 1494 1687 1537; x_wconf 79' lang='lat' dir='ltr'>contingat</span> 
     </span>
     <span class='ocr_line' id='line_1_75' title="bbox 947 1545 1685 1588; baseline 0.004 -10"><span class='ocrx_word' id='word_1_398' title='bbox 947 1545 1113 1588; x_wconf 88' lang='lat' dir='ltr'>providere</span> <span class='ocrx_word' id='word_1_399' title='bbox 1133 1556 1169 1578; x_wconf 86' lang='lat' dir='ltr'>ae</span> <span class='ocrx_word' id='word_1_400' title='bbox 1193 1546 1352 1578; x_wconf 88' lang='lat' dir='ltr'>securitati</span> <span class='ocrx_word' id='word_1_401' title='bbox 1373 1548 1622 1580; x_wconf 86' lang='lat' dir='ltr'>conscentiarum</span> <span class='ocrx_word' id='word_1_402' title='bbox 1639 1548 1685 1581; x_wconf 90' lang='lat' dir='ltr'>di-</span> 
     </span>
     <span class='ocr_line' id='line_1_76' title="bbox 947 1598 1687 1634; baseline 0.005 -4"><span class='ocrx_word' id='word_1_403' title='bbox 947 1603 995 1630; x_wconf 89' lang='lat' dir='ltr'>cta</span> <span class='ocrx_word' id='word_1_404' title='bbox 1026 1598 1178 1631; x_wconf 85' lang='lat' dir='ltr'>beneficia</span> <span class='ocrx_word' id='word_1_405' title='bbox 1211 1599 1421 1631; x_wconf 84' lang='lat' dir='ltr'>obtinentium</span> <span class='ocrx_word' id='word_1_406' title='bbox 1447 1601 1611 1633; x_wconf 83' lang='lat' dir='ltr'>consulere</span> <span class='ocrx_word' id='word_1_407' title='bbox 1638 1612 1687 1634; x_wconf 86' lang='lat' dir='ltr'>vo-</span> 
     </span>
     <span class='ocr_line' id='line_1_77' title="bbox 947 1651 1687 1695; baseline 0.005 -13"><span class='ocrx_word' id='word_1_408' title='bbox 947 1651 1056 1692; x_wconf 87' lang='lat' dir='ltr'>lentes,</span> <span class='ocrx_word' id='word_1_409' title='bbox 1080 1661 1115 1683; x_wconf 87' lang='lat' dir='ltr'>ac</span> <span class='ocrx_word' id='word_1_410' title='bbox 1141 1651 1281 1684; x_wconf 91' lang='lat' dir='ltr'>omnium</span> <span class='ocrx_word' id='word_1_411' title='bbox 1307 1657 1337 1684; x_wconf 92' lang='lat' dir='ltr'>et</span> <span class='ocrx_word' id='word_1_412' title='bbox 1361 1652 1555 1695; x_wconf 76' lang='lat' dir='ltr'>singularum</span> <span class='ocrx_word' id='word_1_413' title='bbox 1575 1654 1687 1686; x_wconf 88' lang='lat' dir='ltr'>littera-</span> 
     </span>
     <span class='ocr_line' id='line_1_78' title="bbox 947 1705 1688 1748; baseline 0.004 -11"><span class='ocrx_word' id='word_1_414' title='bbox 947 1715 1018 1737; x_wconf 87' lang='lat' dir='ltr'>rum</span> <span class='ocrx_word' id='word_1_415' title='bbox 1038 1715 1133 1748; x_wconf 90' lang='lat' dir='ltr'>super</span> <span class='ocrx_word' id='word_1_416' title='bbox 1150 1705 1362 1738; x_wconf 84' lang='lat' dir='ltr'>erectionibus</span> <span class='ocrx_word' id='word_1_417' title='bbox 1387 1711 1416 1738; x_wconf 92' lang='lat' dir='ltr'>et</span> <span class='ocrx_word' id='word_1_418' title='bbox 1440 1706 1688 1740; x_wconf 85' lang='lat' dir='ltr'>institutionibus</span> 
     </span>
     <span class='ocr_line' id='line_1_79' title="bbox 947 1758 1687 1803; baseline 0.005 -14"><span class='ocrx_word' id='word_1_419' title='bbox 947 1767 982 1789; x_wconf 87' lang='lat' dir='ltr'>ac</span> <span class='ocrx_word' id='word_1_420' title='bbox 1018 1758 1281 1801; x_wconf 85' lang='lat' dir='ltr'>applicationibus</span> <span class='ocrx_word' id='word_1_421' title='bbox 1317 1764 1346 1791; x_wconf 90' lang='lat' dir='ltr'>et</span> <span class='ocrx_word' id='word_1_422' title='bbox 1375 1759 1687 1803; x_wconf 84' lang='lat' dir='ltr'>appropriationibus</span> 
     </span>
     <span class='ocr_line' id='line_1_80' title="bbox 946 1811 1687 1856; baseline 0.007 -14"><span class='ocrx_word' id='word_1_423' title='bbox 946 1820 1068 1843; x_wconf 89' lang='lat' dir='ltr'>necnon</span> <span class='ocrx_word' id='word_1_424' title='bbox 1082 1811 1317 1844; x_wconf 88' lang='lat' dir='ltr'>reductionibus</span> <span class='ocrx_word' id='word_1_425' title='bbox 1335 1817 1364 1844; x_wconf 90' lang='lat' dir='ltr'>et</span> <span class='ocrx_word' id='word_1_426' title='bbox 1382 1812 1614 1856; x_wconf 85' lang='lat' dir='ltr'>provisionibus</span> <span class='ocrx_word' id='word_1_427' title='bbox 1628 1814 1687 1847; x_wconf 82' lang='lat' dir='ltr'>liu—</span> 
     </span>
     <span class='ocr_line' id='line_1_81' title="bbox 947 1864 1687 1908; baseline 0.004 -12"><span class='ocrx_word' id='word_1_428' title='bbox 947 1864 1082 1897; x_wconf 88' lang='lat' dir='ltr'>iusmodi</span> <span class='ocrx_word' id='word_1_429' title='bbox 1105 1865 1278 1908; x_wconf 81' lang='lat' dir='ltr'>respective</span> <span class='ocrx_word' id='word_1_430' title='bbox 1311 1865 1524 1899; x_wconf 88' lang='lat' dir='ltr'>confectarum</span> <span class='ocrx_word' id='word_1_431' title='bbox 1550 1871 1631 1900; x_wconf 84' lang='lat' dir='ltr'>totos</span> <span class='ocrx_word' id='word_1_432' title='bbox 1656 1873 1687 1901; x_wconf 87' lang='lat' dir='ltr'>ct</span> 
     </span>
     <span class='ocr_line' id='line_1_82' title="bbox 947 1917 1687 1962; baseline 0.007 -13"><span class='ocrx_word' id='word_1_433' title='bbox 947 1917 1086 1960; x_wconf 81' lang='lat' dir='ltr'>integros</span> <span class='ocrx_word' id='word_1_434' title='bbox 1111 1921 1245 1959; x_wconf 86' lang='lat' dir='ltr'>tenores,</span> <span class='ocrx_word' id='word_1_435' title='bbox 1265 1919 1394 1962; x_wconf 89' lang='lat' dir='ltr'>perinde</span> <span class='ocrx_word' id='word_1_436' title='bbox 1419 1930 1455 1952; x_wconf 88' lang='lat' dir='ltr'>ac</span> <span class='ocrx_word' id='word_1_437' title='bbox 1480 1921 1505 1952; x_wconf 88' lang='lat' dir='ltr'>si</span> <span class='ocrx_word' id='word_1_438' title='bbox 1529 1920 1567 1953; x_wconf 90' lang='lat' dir='ltr'>de</span> <span class='ocrx_word' id='word_1_439' title='bbox 1592 1921 1687 1954; x_wconf 84' lang='lat' dir='ltr'>verbo</span> 
     </span>
     <span class='ocr_line' id='line_1_83' title="bbox 947 1970 1687 2016; baseline 0.005 -13"><span class='ocrx_word' id='word_1_440' title='bbox 947 1970 985 2003; x_wconf 88' lang='lat' dir='ltr'>ad</span> <span class='ocrx_word' id='word_1_441' title='bbox 1009 1971 1153 2012; x_wconf 87' lang='lat' dir='ltr'>verbum,</span> <span class='ocrx_word' id='word_1_442' title='bbox 1172 1971 1248 2004; x_wconf 85' lang='lat' dir='ltr'>niliil</span> <span class='ocrx_word' id='word_1_443' title='bbox 1266 1972 1389 2016; x_wconf 89' lang='lat' dir='ltr'>penitus</span> <span class='ocrx_word' id='word_1_444' title='bbox 1414 1973 1543 2014; x_wconf 87' lang='lat' dir='ltr'>omisso,</span> <span class='ocrx_word' id='word_1_445' title='bbox 1568 1974 1687 2007; x_wconf 88' lang='lat' dir='ltr'>insere-</span> 
     </span>
     <span class='ocr_line' id='line_1_84' title="bbox 947 2025 1685 2069; baseline 0.005 -12"><span class='ocrx_word' id='word_1_446' title='bbox 947 2029 1058 2057; x_wconf 86' lang='lat' dir='ltr'>rentur</span> <span class='ocrx_word' id='word_1_447' title='bbox 1082 2030 1112 2057; x_wconf 90' lang='lat' dir='ltr'>et</span> <span class='ocrx_word' id='word_1_448' title='bbox 1136 2025 1410 2069; x_wconf 79' lang='lat' dir='ltr'>exprimerentur,</span> <span class='ocrx_word' id='word_1_449' title='bbox 1436 2037 1473 2060; x_wconf 88' lang='lat' dir='ltr'>ae</span> <span class='ocrx_word' id='word_1_450' title='bbox 1497 2027 1584 2060; x_wconf 86' lang='lat' dir='ltr'>datas</span> <span class='ocrx_word' id='word_1_451' title='bbox 1607 2037 1685 2062; x_wconf 85' lang='lat' dir='ltr'>neo-</span> 
     </span>
     <span class='ocr_line' id='line_1_85' title="bbox 947 2079 1686 2125; baseline 0.005 -15"><span class='ocrx_word' id='word_1_452' title='bbox 947 2088 1011 2111; x_wconf 92' lang='lat' dir='ltr'>non</span> <span class='ocrx_word' id='word_1_453' title='bbox 1034 2079 1161 2111; x_wconf 88' lang='lat' dir='ltr'>nomina</span> <span class='ocrx_word' id='word_1_454' title='bbox 1186 2084 1213 2112; x_wconf 83' lang='lat' dir='ltr'>et</span> <span class='ocrx_word' id='word_1_455' title='bbox 1240 2080 1431 2122; x_wconf 77' lang='lat' dir='ltr'>cognomina</span> <span class='ocrx_word' id='word_1_456' title='bbox 1462 2081 1608 2121; x_wconf 92' lang='lat' dir='ltr'>illorum,</span> <span class='ocrx_word' id='word_1_457' title='bbox 1633 2082 1686 2125; x_wconf 91' lang='lat' dir='ltr'>qui</span> 
     </span>
     <span class='ocr_line' id='line_1_86' title="bbox 947 2132 1687 2177; baseline 0.004 -13"><span class='ocrx_word' id='word_1_458' title='bbox 947 2132 1029 2165; x_wconf 86' lang='lat' dir='ltr'>dicta</span> <span class='ocrx_word' id='word_1_459' title='bbox 1053 2132 1204 2165; x_wconf 84' lang='lat' dir='ltr'>beneficia</span> <span class='ocrx_word' id='word_1_460' title='bbox 1230 2133 1266 2165; x_wconf 87' lang='lat' dir='ltr'>ad</span> <span class='ocrx_word' id='word_1_461' title='bbox 1286 2143 1435 2177; x_wconf 89' lang='lat' dir='ltr'>praesens</span> <span class='ocrx_word' id='word_1_462' title='bbox 1460 2134 1612 2175; x_wconf 85' lang='lat' dir='ltr'>obtinent,</span> <span class='ocrx_word' id='word_1_463' title='bbox 1633 2144 1687 2167; x_wconf 88' lang='lat' dir='ltr'>seu</span> 
     </span>
     <span class='ocr_line' id='line_1_87' title="bbox 948 2184 1686 2226; baseline 0.004 -10"><span class='ocrx_word' id='word_1_464' title='bbox 948 2184 1023 2217; x_wconf 81' lang='lat' dir='ltr'>alias</span> <span class='ocrx_word' id='word_1_465' title='bbox 1054 2184 1272 2226; x_wconf 85' lang='lat' dir='ltr'>obtinuerunt,</span> <span class='ocrx_word' id='word_1_466' title='bbox 1298 2186 1420 2219; x_wconf 86' lang='lat' dir='ltr'>etiamsi</span> <span class='ocrx_word' id='word_1_467' title='bbox 1453 2187 1621 2219; x_wconf 86' lang='lat' dir='ltr'>familiares</span> <span class='ocrx_word' id='word_1_468' title='bbox 1651 2198 1686 2219; x_wconf 85' lang='lat' dir='ltr'>ac</span> 
     </span>
     <span class='ocr_line' id='line_1_88' title="bbox 948 2238 1686 2284; baseline 0.003 -13"><span class='ocrx_word' id='word_1_469' title='bbox 948 2238 1087 2272; x_wconf 85' lang='lat' dir='ltr'>continui</span> <span class='ocrx_word' id='word_1_470' title='bbox 1113 2240 1342 2272; x_wconf 88' lang='lat' dir='ltr'>commensales</span> <span class='ocrx_word' id='word_1_471' title='bbox 1366 2250 1402 2273; x_wconf 89' lang='lat' dir='ltr'>ac</span> <span class='ocrx_word' id='word_1_472' title='bbox 1425 2241 1557 2284; x_wconf 86' lang='lat' dir='ltr'>praelati</span> <span class='ocrx_word' id='word_1_473' title='bbox 1581 2241 1686 2273; x_wconf 87' lang='lat' dir='ltr'>dome-</span> 
     </span>
     <span class='ocr_line' id='line_1_89' title="bbox 948 2291 1686 2337; baseline 0.001 -13"><span class='ocrx_word' id='word_1_474' title='bbox 948 2291 1016 2324; x_wconf 83' lang='lat' dir='ltr'>stici</span> <span class='ocrx_word' id='word_1_475' title='bbox 1038 2292 1136 2325; x_wconf 86' lang='lat' dir='ltr'>nostri</span> <span class='ocrx_word' id='word_1_476' title='bbox 1161 2298 1214 2324; x_wconf 88' lang='lat' dir='ltr'>aut</span> <span class='ocrx_word' id='word_1_477' title='bbox 1237 2293 1312 2325; x_wconf 79' lang='lat' dir='ltr'>alias</span> <span class='ocrx_word' id='word_1_478' title='bbox 1336 2293 1464 2337; x_wconf 84' lang='lat' dir='ltr'>speciali</span> <span class='ocrx_word' id='word_1_479' title='bbox 1488 2294 1560 2326; x_wconf 75' lang='lat' dir='ltr'>nota</span> <span class='ocrx_word' id='word_1_480' title='bbox 1587 2298 1618 2325; x_wconf 86' lang='lat' dir='ltr'>et</span> <span class='ocrx_word' id='word_1_481' title='bbox 1635 2303 1686 2325; x_wconf 81' lang='lat' dir='ltr'>ex-</span> 
     </span>
     <span class='ocr_line' id='line_1_90' title="bbox 949 2344 1684 2388; baseline 0.001 -11"><span class='ocrx_word' id='word_1_482' title='bbox 949 2344 1111 2388; x_wconf 89' lang='lat' dir='ltr'>pressione</span> <span class='ocrx_word' id='word_1_483' title='bbox 1136 2345 1223 2388; x_wconf 74' lang='lat' dir='ltr'>digni</span> <span class='ocrx_word' id='word_1_484' title='bbox 1250 2346 1320 2386; x_wconf 87' lang='lat' dir='ltr'>sint,</span> <span class='ocrx_word' id='word_1_485' title='bbox 1337 2356 1372 2378; x_wconf 89' lang='lat' dir='ltr'>ac</span> <span class='ocrx_word' id='word_1_486' title='bbox 1392 2346 1484 2378; x_wconf 89' lang='lat' dir='ltr'>etiam</span> <span class='ocrx_word' id='word_1_487' title='bbox 1510 2346 1684 2388; x_wconf 78' lang='lat' dir='ltr'>legatorum</span> 
     </span>
     <span class='ocr_line' id='line_1_91' title="bbox 948 2398 1686 2442; baseline 0.003 -12"><span class='ocrx_word' id='word_1_488' title='bbox 948 2408 1003 2431; x_wconf 91' lang='lat' dir='ltr'>seu</span> <span class='ocrx_word' id='word_1_489' title='bbox 1027 2398 1182 2431; x_wconf 88' lang='lat' dir='ltr'>bonorum</span> <span class='ocrx_word' id='word_1_490' title='bbox 1208 2399 1441 2442; x_wconf 86' lang='lat' dir='ltr'>praedictorum</span> <span class='ocrx_word' id='word_1_491' title='bbox 1460 2409 1549 2432; x_wconf 83' lang='lat' dir='ltr'>veros</span> <span class='ocrx_word' id='word_1_492' title='bbox 1565 2409 1686 2432; x_wconf 90' lang='lat' dir='ltr'>annuos</span> 
     </span>
     <span class='ocr_line' id='line_1_92' title="bbox 948 2452 1684 2495; baseline 0.001 -11"><span class='ocrx_word' id='word_1_493' title='bbox 948 2452 1089 2492; x_wconf 90' lang='lat' dir='ltr'>valores‚</span> <span class='ocrx_word' id='word_1_494' title='bbox 1113 2462 1287 2495; x_wconf 84' lang='lat' dir='ltr'>eorumque</span> <span class='ocrx_word' id='word_1_495' title='bbox 1312 2462 1347 2485; x_wconf 88' lang='lat' dir='ltr'>ac</span> <span class='ocrx_word' id='word_1_496' title='bbox 1371 2452 1527 2485; x_wconf 91' lang='lat' dir='ltr'>dictorum</span> <span class='ocrx_word' id='word_1_497' title='bbox 1552 2462 1684 2485; x_wconf 90' lang='lat' dir='ltr'>onerum</span> 
     </span>
     <span class='ocr_line' id='line_1_93' title="bbox 947 2505 1685 2549; baseline 0.001 -11"><span class='ocrx_word' id='word_1_498' title='bbox 947 2505 1112 2548; x_wconf 86' lang='lat' dir='ltr'>qualitates</span> <span class='ocrx_word' id='word_1_499' title='bbox 1136 2511 1166 2538; x_wconf 88' lang='lat' dir='ltr'>et</span> <span class='ocrx_word' id='word_1_500' title='bbox 1183 2505 1368 2549; x_wconf 82' lang='lat' dir='ltr'>quantitates</span> <span class='ocrx_word' id='word_1_501' title='bbox 1392 2506 1608 2548; x_wconf 87' lang='lat' dir='ltr'>praesentibus</span> <span class='ocrx_word' id='word_1_502' title='bbox 1627 2516 1685 2549; x_wconf 91' lang='lat' dir='ltr'>pro</span> 
     </span>
     <span class='ocr_line' id='line_1_94' title="bbox 946 2558 1684 2603; baseline 0 -11"><span class='ocrx_word' id='word_1_503' title='bbox 946 2559 1038 2603; x_wconf 91' lang='lat' dir='ltr'>plene</span> <span class='ocrx_word' id='word_1_504' title='bbox 1062 2564 1091 2592; x_wconf 89' lang='lat' dir='ltr'>et</span> <span class='ocrx_word' id='word_1_505' title='bbox 1116 2559 1306 2592; x_wconf 84' lang='lat' dir='ltr'>sufficienter</span> <span class='ocrx_word' id='word_1_506' title='bbox 1326 2558 1482 2603; x_wconf 82' lang='lat' dir='ltr'>expressis</span> <span class='ocrx_word' id='word_1_507' title='bbox 1506 2562 1536 2594; x_wconf 87' lang='lat' dir='ltr'>et</span> <span class='ocrx_word' id='word_1_508' title='bbox 1559 2559 1684 2593; x_wconf 89' lang='lat' dir='ltr'>insertis</span> 
     </span>
    </p>
   </div>
   <div class='ocr_carea' id='block_1_10' title="bbox 1603 158 1874 195">
    <p class='ocr_par' dir='ltr' id='par_1_11' title="bbox 1603 158 1874 195">
     <span class='ocr_line' id='line_1_95' title="bbox 1603 158 1874 195; baseline 0.015 -4"><span class='ocrx_word' id='word_1_509' title='bbox 1603 158 1644 192; x_wconf 75' lang='lat'>63</span> <span class='ocrx_word' id='word_1_510' title='bbox 1690 167 1741 195; x_wconf 81' lang='lat' dir='ltr'>An.</span> <span class='ocrx_word' id='word_1_511' title='bbox 1757 167 1784 194; x_wconf 34' lang='lat' dir='ltr'>e,</span> <span class='ocrx_word' id='word_1_512' title='bbox 1810 167 1874 195; x_wconf 72' lang='lat'>1640</span> 
     </span>
    </p>
   </div>
   <div class='ocr_carea' id='block_1_11' title="bbox 1698 918 1880 1097">
    <p class='ocr_par' dir='ltr' id='par_1_12' title="bbox 1698 918 1880 1097">
     <span class='ocr_line' id='line_1_96' title="bbox 1719 918 1878 939; baseline 0.006 -1"><span class='ocrx_word' id='word_1_513' title='bbox 1719 918 1814 939; x_wconf 59' lang='lat' dir='ltr'>[iectu-:u</span> <span class='ocrx_word' id='word_1_514' title='bbox 1827 920 1878 939; x_wconf 63' lang='lat' dir='ltr'>Pon&lt;</span> 
     </span>
     <span class='ocr_line' id='line_1_97' title="bbox 1698 947 1879 966; baseline 0.006 -2"><span class='ocrx_word' id='word_1_515' title='bbox 1698 947 1746 965; x_wconf 60' lang='lat' dir='ltr'>titt-x</span> <span class='ocrx_word' id='word_1_516' title='bbox 1755 952 1813 965; x_wconf 68' lang='lat' dir='ltr'>suain</span> <span class='ocrx_word' id='word_1_517' title='bbox 1825 952 1879 966; x_wconf 69' lang='lat' dir='ltr'>nien-</span> 
     </span>
     <span class='ocr_line' id='line_1_98' title="bbox 1698 973 1878 992; baseline 0.011 -2"><span class='ocrx_word' id='word_1_518' title='bbox 1698 974 1738 991; x_wconf 75' lang='lat' dir='ltr'>ten·</span> <span class='ocrx_word' id='word_1_519' title='bbox 1750 977 1805 992; x_wconf 76' lang='lat' dir='ltr'>circa</span> <span class='ocrx_word' id='word_1_520' title='bbox 1819 973 1878 992; x_wconf 58' lang='lat' dir='ltr'>reduv</span> 
     </span>
     <span class='ocr_line' id='line_1_99' title="bbox 1698 1000 1879 1019; baseline 0.011 -2"><span class='ocrx_word' id='word_1_521' title='bbox 1698 1000 1789 1018; x_wconf 53' lang='lat' dir='ltr'>filonem</span> <span class='ocrx_word' id='word_1_522' title='bbox 1831 1005 1879 1019; x_wconf 67' lang='lat'>0110-</span> 
     </span>
     <span class='ocr_line' id='line_1_100' title="bbox 1699 1031 1880 1050; baseline 0 -6"><span class='ocrx_word' id='word_1_523' title='bbox 1699 1031 1742 1044; x_wconf 87' lang='lat' dir='ltr'>rnm</span> <span class='ocrx_word' id='word_1_524' title='bbox 1783 1031 1880 1050; x_wconf 68' lang='lat' dir='ltr'>quierntn-</span> 
     </span>
     <span class='ocr_line' id='line_1_101' title="bbox 1698 1051 1880 1071; baseline 0.011 -2"><span class='ocrx_word' id='word_1_525' title='bbox 1698 1051 1744 1070; x_wconf 72' lang='lat' dir='ltr'>d-uu</span> <span class='ocrx_word' id='word_1_526' title='bbox 1767 1051 1880 1071; x_wconf 64' lang='lat' dir='ltr'>liciti-ticio-</span> 
     </span>
     <span class='ocr_line' id='line_1_102' title="bbox 1698 1084 1749 1097; baseline 0 0"><span class='ocrx_word' id='word_1_527' title='bbox 1698 1084 1749 1097; x_wconf 83' lang='lat' dir='ltr'>runi.</span> 
     </span>
    </p>
   </div>
  </div>
 </body>
</html>
